2890 4978
759 353 801 420 76

295 594 521 680 surculorum,
551 595 647 662 etiem
670 616 769 662 nome
794 590 918 660 radices
937 587 1137 681 formantur,
1157 595 1201 664 its
1218 615 1258 663 ut

295 746 337 816 ud
363 745 447 814 illud
480 767 584 838 usque
610 761 756 834 tempus,
780 765 848 834 quo
873 742 953 809 hcec
977 742 1129 811 formatio
1151 742 1261 813 locum

297 899 432 985 hebent,
464 895 568 964 omnis
596 895 774 960 humorum
800 892 947 984 receptio
969 915 1036 958 non
1066 893 1130 958 nisi
1152 894 1262 960 autin

296 1047 459 1117 radicibus
480 1069 541 1138 per
563 1043 752 1154 supenstites
780 1041 935 1128 fihritlas,
950 1059 1022 1124 ,aut
1046 1065 1105 1133 per
1129 1041 1264 1112 vulnera
1359 1099 1362 1104 Α
1432 1095 1433 1102 ,

296 1199 456 1285 majorum
487 1191 636 1262 radicum
674 1191 741 1260 fiet.
785 1191 901 1284 Itaque
938 1192 1185 1283 comprehensio
1215 1217 1262 1260 cr-

294 1344 382 1412 boris
407 1338 467 1410 'eb
505 1341 572 1410 hoc
613 1357 703 1408 ontu'
729 1363 888 1408 noverum
924 1337 1073 1408 radicum
1112 1341 1262 1434 inprimis

293 1490 429 1584 pendet.
475 1491 576 1583 Sceps
592 1490 682 1558 enim
704 1488 776 1554 fieri
800 1487 901 1571 solet,
926 1506 964 1556 ut
980 1490 1077 1556 arbor
1097 1491 1261 1580 cacumine

294 1638 354 1710 'suo
388 1640 544 1709 destitute
574 1640 795 1730 subsequente
821 1659 908 1702 enno
937 1659 1006 1702 non
1029 1660 1143 1702 rursus
1176 1637 1266 1704 fron·

296 1791 427 1876 descet,
449 1787 584 1882 quanm
601 1784 812 1854 antecedente
835 1807 922 1852 anno
944 1802 999 1852 cut
1019 1747 1140 1876 caucos
1163 1783 1264 1853 modo

294 1957 351 2008 cut
381 1961 497 2029 parvos
521 1953 650 2004 tantum
677 1933 825 2000 surculos
854 1933 1041 2024 protulerit.
1085 1933 1267 2000 Causa-hu-

291 2089 349 2176 jus
379 2083 530 2152 interitus
565 2081 689 2147 arboris
718 2081 926 2172 potissimum
950 2083 988 2147 in
1013 2105 1052 2149 eo
1079 2081 1266 2174 qtmerenda

297 2249 367 2318 est,
390 2227 481 2323 quod
499 2227 624 2297 surculi
652 2247 708 2297 aut
729 2253 798 2297 non
818 2230 893 2298 satis
910 2227 1021 2316 firmi,
1041 2248 1096 2300 eut
1109 2254 1177 2298 non
1190 2232 1265 2300 satis

295 2379 463 2450 numerosi
493 2393 586 2445 erent
610 2374 661 2448 ,nd
692 2375 924 2468 producendas
955 2379 1146 2446 necessarias
1184 2379 1294 2448 redi·

299 2553 372 2619 ces,
394 2545 495 2621 etque
518 2525 708 2594 vetustiores
732 2523 868 2592 fibrillue
893 2527 959 2594 vim
981 2524 1073 2616 stium
1092 2527 1266 2594 absorben-

293 2681 418 2748 dorum
437 2677 617 2744 humorum
632 2677 827 2761 emiserunt,
851 2693 884 2744 et
901 2675 1133 2744 intermortuae
1156 2695 1264 2768 partes

296 2824 445 2911 radicum
468 2822 712 2893 vulneratorum
733 2826 813 2894 item
833 2823 939 2892 nullos
953 2826 1101 2894 homeres
1119 2826 1265 2915 recipere

297 2973 435 3068 emplius
470 2991 608 3064 queunt.

343 3121 409 3190 Ubi
432 3143 509 3188 vero
534 3122 650 3206 arbor,
690 3121 855 3190 cacumine
884 3118 1058 3205 destitute,
1087 3118 1168 3187 lecte
1195 3143 1265 3188 suc-

301 3293 444 3342 crescere
458 3269 578 3362 coepit,
591 3265 709 3336 multos
720 3269 818 3336 hebet
829 3267 990 3353 surculos,
1003 3292 1022 3335 e
1036 3269 1158 3360 quibus
1178 3293 1266 3336 unus

302 3418 401 3488 modo
421 3439 585 3486 retnenere
607 3415 705 3483 debet
726 3434 882 3510 tanquam
899 3419 1096 3510 primarius,
1118 3417 1200 3485 dum
1221 3441 1257 3500 ne

300 3567 386 3660 liqui
396 3567 518 3658 passim
528 3563 718 3658 amputandi
730 3584 819 3632 sunt
848 3567 984 3636 Interim
995 3563 1178 3658 complures
1187 3566 1267 3631 enni

301 3734 528 3812 praetereunt,
542 3735 616 3786 ante
626 3739 725 3808 quam
734 3713 787 3782 ille
798 3685 970 3807 primarius
979 3714 1131 3783 surculus
1141 3689 1268 3782 bonum

306 3886 463 3936 truncum
488 3865 621 3952 efficiat,
650 3883 682 3936 ct
710 3864 834 3934 radices
861 3865 1117 3959 undiqueversus
1136 3864 1270 3934 dilaten-

306 4036 370 4084 tur.
407 4014 485 4084 Nem
499 4015 562 4084 hec
582 4018 616 4081 in
635 4041 670 4084 re
694 4019 852 4084 arboraria
877 4036 1002 4086 certum
1015 4036 1081 4103 est,
1097 4017 1219 4086 radices
1233 4019 1265 4084 in
