2890 4978
651 391 693 458 73

196 653 331 718 gemme
375 631 543 718 frugileras
577 601 743 722 proleral.,
774 646 809 696 et
827 627 1004 698 elloribus
1026 631 1152 708 fructus

197 782 321 850 facilius
344 782 554 874 proveniant,
585 778 643 846 sed
673 779 743 871 ipsa
766 797 873 846 tamen
894 779 990 881 arbor
1012 779 1048 846 in
1072 803 1154 848 cres·
1240 847 1243 853 ι

195 930 301 1001 oendc
320 948 483 998 remaneat
501 948 600 1022 atque
622 927 703 998 adeo
726 929 946 998 contristetur.
1104 891 1107 905 Ι

238 1079 340 1148 Porro
362 1103 403 1149 ex
426 1077 480 1146 illa
505 1077 655 1147 radicum
677 1077 900 1147 vulneratione
925 1076 985 1144 alia
1004 1079 1082 1146 item
1106 1077 1154 1146 in·

196 1227 366 1297 commoda
402 1228 565 1296 oriuntur.
609 1229 663 1296 sic
694 1252 725 1297 v.
748 1253 778 1298 o·
812 1226 997 1298 vulneratae
1031 1209 1158 1297 radices

195 1377 340 1444 materias
365 1377 402 1442 in
429 1399 462 1442 se
486 1375 667 1467 recipient,
691 1399 773 1467 quae
793 1377 829 1442 in
848 1373 997 1444 radicum
1019 1375 1155 1444 lihrillas

195 1543 365 1617 penetrare
390 1501 570 1617 nequeunt.
615 1522 782 1614 imputati
812 1524 893 1588 rami
929 1525 1095 1616 recipiunt
1120 1525 1156 1592 in

197 1697 232 1740 se
247 1671 402 1792 eploratos
418 1673 595 1758 humores,
618 1671 710 1766 quod
727 1670 864 1740 fibrillae
879 1695 947 1742 non
960 1673 1094 1744 faciunt.
1116 1675 1159 1744 Et

197 1823 354 1916 quoniam
367 1839 537 1891 contextus
549 1819 699 1890 radicum
707 1822 815 1888 minus
828 1839 878 1889 est
892 1825 1097 1915 compactus,
1110 1847 1159 1891 or·

195 1992 342 2062 genaque
355 1967 555 2061 elementaria
568 1970 723 2057 majorem
733 1969 857 2037 hebent
869 1971 1042 2058 ambitum,
1059 1996 1159 2064 quam
1253 2035 1255 2042 .

198 2119 263 2188 hoc
286 2119 440 2186 iurantis
472 2138 657 2212 truncoque
682 2118 793 2188 locum
815 2119 930 2205 habet,
957 2119 1036 2188 inde
1056 2121 1160 2214 sequi·

152 2333 156 2342 ,
197 2286 272 2354 tur,
296 2285 335 2335 ut
353 2284 534 2359 amputatae
555 2265 679 2334 radices
697 2266 800 2336 multo
821 2268 944 2338 facilins
964 2268 1075 2338 alienis
1096 2295 1160 2341 ma·

196 2417 285 2485 teriis
320 2433 554 2508 praegnantem
598 2440 716 2509 aquam
759 2416 928 2506 impugant,
966 2442 1033 2510 quo
1075 2417 1159 2487 nihil

196 2583 304 2659 potest
329 2587 396 2632 esse
422 2565 530 2632 arbori
555 2564 781 2656 perniciosius.

155 2711 178 2756 ⁸
238 2715 406 2782 Praeterea
444 2713 507 2781 ista
545 2711 694 2780 radicum
738 2709 918 2780 vulneratio
954 2707 1030 2779 ideo
1061 2711 1159 2787 etiam

197 2864 293 2931 noxia
314 2881 385 2949 est,
414 2860 512 2956 quod
527 2884 589 2954 per
610 2884 679 2928 cam
702 2858 851 2928 residuae
873 2855 1023 2928 radicum
1048 2877 1157 2952 partes

196 3033 289 3104 saepe
340 3009 512 3106 putredini
554 3026 787 3103 exponuntur,
825 3006 990 3100 siquidem
1025 3003 1159 3104 ,radices

197 3157 343 3224 ambiens
378 3159 572 3250 oxygenium
600 3181 634 3225 se
668 3181 709 3224 ex
744 3174 837 3249 parte
873 3154 1044 3244 conjungit
1082 3179 1158 3224 cum

198 3304 277 3394 ligni
305 3305 477 3392 carbonio,
514 3305 583 3398 qui
608 3259 841 3394 conjunctione
864 3303 967 3374 solida
991 3301 1071 3390 ligni
1095 3327 1158 3372 naa

193 3455 276 3524 teria
306 3454 531 3542 imminuitur,
555 3471 588 3524 et
609 3479 769 3548 assumam
788 3452 1010 3548 penetratione
1037 3453 1155 3522 semim

194 3601 381 3672 dissolvitur
395 3600 458 3694 (l).

228 3979 269 4046 (l)
289 3978 355 4031 vid.
371 3991 400 4030 s.
413 3991 442 4032 a.
456 3989 674 4044 nrcaunouur,
692 3975 735 4029 Lu
753 3976 916 4045 Plyaiclogta
930 3976 1056 4041 υέςόιαὶι.
1091 3973 1163 4027 Paris

288 4068 371 4132 1832,
390 4067 473 4122 Tosne
492 4067 556 4134 ΙΙΙ,
576 4085 633 4136 pag.
653 4068 727 4120 1³00.
