2886 4992
738 390 782 458 52

238 627 243 633 ¹
281 655 334 702 tur
345 686 354 720 ‚
365 638 461 726 'qnae
480 641 501 698 a'
511 630 675 698 radicibus
693 645 767 697 cum
776 628 870 696 acido
879 630 1012 698 humico
1026 632 1240 726 hauriuntur,

280 789 378 856 etsie
401 787 508 853 arbori
529 808 596 851 non
616 784 712 852 modo
732 801 870 869 nocent,
898 781 953 850 sed
978 803 1107 856 certum
1130 790 1239 856 interi·

279 957 350 1006 tum
374 952 579 1028 praeparant.

290 1085 433 1170 ¹'Quum
457 1079 637 1150 istiusmodi
670 1097 837 1172 compacte
876 1097 973 1148 strata
1007 1081 1156 1172 quinque
1187 1101 1244 1151 aut

279 1231 388 1324 plures
421 1227 520 1321 pedes
553 1227 616 1296 alta
647 1229 777 1314 jaceant
812 1228 875 1293 sub
912 1207 1014 1294 terrae
1049 1228 1268 1320 superficie,-

276 1379 388 1444 e'orum
408 1373 616 1444 incommoda
634 1383 841 1444 antevertere
864 1385 1053 1468 possumus,
1075 1377 1174 1445 modo
1196 1403 1243 1446 ra*

275 1523 383 1592 dicem
407 1523 551 1617 palerem
566 1541 787 1616 amputemus,
810 1525 906 1592 etsie
923 1523 1088 1592 radicibus
1103 1527 1244 1594 occasio·

273 1699 350 1744 nem
380 1675 591 1769 praebeamus
625 1657 774 1741 eumeuii
800 1673 1117 1765 positionesplanes.
1160 1675 1242 1742 Nam

193 1851 194 1854 ¹
274 1823 333 1891 ubi
361 1825 430 1894 hoc
462 1825 651 1916 tempestive
683 1821 877 1907 fecerimus,
910 1839 992 1890 tunc
1020 1822 1158 1890 'demum
1180 1826 1240 1893 ista

273 1989 372 2038 strata
387 1973 498 2036 arbori
513 1971 622 2034 obesse
638 1978 815 2058 poterunt,
837 1969 1071 2060 quando-baec
1089 1971 1130 2038 ad
1147 1971 1241 2042 iilum

273 2115 464 2182 maturitatis
477 2113 628 2200 “gradum
650 2118 854 2207 pervenerit,
876 2137 915 2187 ut
928 2145 1012 2191 'curn
1025 2120 1122 2189 lucro
1140 2121 1241 2190 effodi

269 2263 381 2356 possit.
427 2263 486 2332 Sin
498 2267 615 2331 'autem
633 2265 693 2332 ista
705 2270 804 2334 strata
821 2267 1030 2359 superficiem
1042 2288 1145 2346 terrae
1165 2281 1240 2364 pro-

270 2413 345 2504 pius
362 2413 544 2498 attingunt,
560 2413 694 2479 omnino
706 2375 932 2500 'diffrinpende
944 2435 1041 2504 sunt,
1064 2419 1185 2486 etiamsi
1202 2421 1239 2485 in

270 2559 332 2628 iliis
349 2558 428 2630 locis
444 2565 515 2628 n'on
526 2561 588 2627 nisi
603 2561 702 2653 pinus
717 2561 863 2654 plantare
873 2565 915 2632 'in
928 2565 1038 2632 animo¹
1050 2565 1236 2634 habeamus.

314 2859 466 2927 Secundo
478 2859 653 2946 ‘utile'est,
675 2862 703 2927 si
721 2880 820 2930 strata
842 2864 985 2932 diversae
1002 2883 1080 2932 sunt
1100 2865 1234 2956 speciei,

269 3028 306 3078 ut
333 3009 414 3078 haec
435 3010 521 3076 iuter
538 3033 571 3075 se
596 3011 875 3080 commisceantur.

253 3177 256 3184 ’
285 3159 352 3225 ΔΙιι
379 3158 472 3225 variis
500 3159 622 3248 patriae
654 3157 732 3226 loeis
745 3163 749 3172 ’
763 3156 882 3224 humus
913 3159 1090 3254 composita
1119 3177 1236 3228 estex

266 3305 400 3376 diversis
434 3309 636 3374 tenuioribus
654 3309 795 3393 'stratis,
828 3332 911 3400 quae
946 3310 1071 3400 saepius
1097 3309 1236 3379 multum

264 3609 327 3673 tius
345 3603 509 3672 'arborum
530 3603 721 3692 vegetationi
742 3605 873 3689 obesse,
898 3629 997 3694 quam
1017 3601 1169 3694 prodesse
1188 3605 1233 3670 vi·

264 3755 396 3824 dentur.
418 3735 419 3738 Ἴ
442 3755 546 3824 Simul
568 3775 666 3848 atque
683 3779 760 3823 vero
774 3755 855 3821 haec
881 3770 980 3818 strata
1003 3753 1104 3819 fracta
1126 3770 1159 3819 et
1184 3755 1233 3818 in-

262 3926 312 3974 ter
325 3931 359 3973 se
380 3905 551 3973 commixta
569 3923 663 3992 sunt,
684 3903 765 3970 haec
783 3905 854 3995 ipsa
872 3902 1012 3968 mixtura
1031 3901 1233 3969 incrementa

260 4060 414 4126 arborum
448 4051 625 4140 adjuvabit.
679 4053 791 4144 Aquae
824 4054 930 4134 enim,
962 4042 1044 4142 quae
1062 4048 1174 4122 modo
1197 4053 1231 4117 in
