2890 4978
743 359 785 423 56

280 595 319 677 ei
334 647 337 652 ·
351 629 390 674 eo
422 601 603 688 redundat,
635 618 673 668 ut
706 617 789 666 terra
811 597 879 662 aeri
904 593 1162 686 atmosphaerico
1185 587 1238 660 ali·

279 754 437 850 quamdiu
463 737 653 845 exponatur.

271 897 285 938 ·’
325 871 419 972 llirlti
445 919 526 968 tunc
550 897 682 964 demum
704 912 824 962 terram
852 887 1086 958 circumfodere
1109 905 1142 954 et
1161 910 1246 954 scro-

279 1055 335 1121 bes
366 1051 471 1118 facere
496 1044 618 1131 solent,
650 1039 784 1134 quando
812 1039 849 1104 in‘
869 1062 906 1105 eo
930 1054 1025 1122 sunt,
1049 1053 1088 1103 ut
1113 1036 1241 1101 arbores
1313 1049 1317 1060 '

273 1201 387 1270 atatim
409 1195 556 1288 plantare
574 1184 694 1260 [velint.
739 1188 824 1255 Ilaec
850 1185 966 1275 agendi
989 1209 1103 1254 norma
1128 1184 1244 1250 merito

281 1375 299 1414 a
325 1343 434 1412 multis
443 1320 450 1388 ss
463 1341 634 1436 culpatur,
663 1338 755 1432 quod
782 1337 867 1405 nihil
892 1339 1045 1405 arborum
1065 1338 1248 1414 ‚incremen-

240 1587 246 1602 ,
279 1497 320 1564 tis
345 1493 420 1586 plna
444 1479 569 1586 prosit,
600 1515 700 1583 quam
728 1479 820 1580 duod
843 1481 928 1555 terra
952 1505 1044 1554 antee
1070 1486 1157 1570 adri,
1177 1475 1251 1574 plu-

278 1643 366 1730 viae,
399 1641 514 1727 calori,
546 1639 725 1730 frigoriqne
757 1627 901 1725 exposita
926 1633 1035 1720 fucrit.
1082 1633 1145 1698 Per
1169 1631 1249 1698 haec

282 1793 390 1858 omnia
418 1808 504 1858 terra
532 1788 570 1856 fit
597 1810 728 1879 perosa,
759 1789 791 1852 ει
811 1785 848 1850 in
871 1781 925 1851 illa
947 1800 1100 1851 contenta
1126 1777 1248 1850 dumne

267 1939 468 2022 'solubiliom
493 1954 526 2002 et
551 1933 657 1999 solum
675 1931 822 1998 fertilius.
868 1913 977 2022 ltquc
999 1923 1127 1999 idcirco
1152 1921 1249 1998 etiam

281 2087 377 2152 noxia
399 2102 447 2152 est
470 2081 523 2150 illa
546 2079 661 2168 agendi
687 2082 789 2168 ratio,
818 2071 1003 2173 perquam
1029 2099 1114 2149 terra
1139 2081 1248 2179 statim
1303 2067 1306 2070 ’

271 2250 359 2324 ,post
396 2230 696 2298 circumfossionem
728 2229 928 2322 complanari
961 2228 1051 2297 solet.
1111 2229 1252 2297 Praestat

281 2397 319 2446 ut
351 2379 387 2443 in
414 2377 471 2444 illo
506 2394 591 2445 statu
615 2394 761 2462 maneat,
789 2377 825 2442 in
848 2401 947 2468 quem
970 2375 1115 2444 fodendo
1140 2377 1248 2462 venit,

283 2543 382 2618 atque
411 2522 520 2612 glebae
551 2545 619 2590 non
649 2513 877 2610 conterantur,
909 2522 967 2589 sed
996 2512 1059 2608 ita,
1092 2539 1130 2590 ut
1152 2511 1250 2609 sunt,

272 2675 353 2747 'adri
373 2671 561 2759 tradantur,
585 2669 676 2764 qnod
695 2669 809 2763 perid
827 2689 860 2740 et
880 2669 966 2738 calor
985 2689 1018 2739 ct
1037 2671 1139 2758 frigus
1158 2671 1251 2740 ultius

282 2822 318 2885 in
338 2820 478 2885 humum
496 2837 683 2906 transeunt,
708 2837 742 2887 et
764 2820 812 2887 sic
837 2813 922 2888 terra
943 2821 1041 2908 magis
1063 2811 1234 2889 emollitur.

293 3003 295 3009 v
331 2951 401 3052 Quo
427 2966 568 3055 longius·
582 2962 720 3062 tempus¹
738 2990 824 3040 terra
847 2971 992 3062 perfossa
1017 2971 1086 3038 adri
1106 2971 1252 3064 exposita

284 3143 410 3212 manet,
438 3147 476 3190 eo
506 3123 618 3192 melina
645 3127 776 3194 arbores
806 3143 917 3217 postca
945 3110 1112 3212 vigebunt.
1157 3124 1251 3194 Unde

283 3275 451 3365 sequitur,
473 3270 552 3340 utile
575 3294 656 3359 esse,
676 3289 715 3338 ut
732 3291 817 3340 terra
837 3283 984 3365 tempore
1007 3272 1184 3342 autumnali
1207 3255 1252 3340 fo·

285 3417 409 3505 dictur,
441 3439 473 3488 et
503 3419 653 3512 proximo
685 3419 816 3488 demum
840 3427 987 3515 tempore
1005 3423 1126 3493 vernali
1147 3423 1182 3488 in
1210 3423 1248 3488 ed

286 3564 416 3636 arbores
444 3547 671 3660 denonantur,
694 3586 771 3656 aut,
793 3588 832 3638 ut
854 3588 1002 3662 tempore
1023 3568 1143 3639 vernali
1164 3588 1250 3637 terra

283 3701 427 3787 'fodiatur
433 3764 444 3800 ,
465 3697 494 3781 ¹si
510 3716 688 3786 autumnali
709 3718 837 3786 arbores
854 3719 1000 3810 plantare
1020 3717 1107 3786 velis.
1154 3717 1252 3802 Quin·

284 3869 379 3937 etiam
401 3863 511 3934 utilius
536 3887 603 3955 est,
632 3886 670 3938 art
693 3887 778 3937 terra
803 3891 864 3960 per
891 3885 996 3936 totum
1022 3889 1146 3932 annum
1174 3885 1251 3958 post
1320 3957 1323 3964 k
1423 3957 1424 3972 χ

284 4019 454 4090 fossionem
479 4019 610 4089 immota
639 4037 772 4090 maneat.
832 4021 996 4091 Praeterea
1021 4039 1129 4092 autem
1154 4022 1250 4092 etiam
1321 4035 1323 4038 ’
1423 4023 1424 4072 t
