2886 4992
677 387 718 452 25

217 625 367 712 dierunt,
389 643 444 692 aut
467 637 590 694 mature
612 623 691 694 illuc
713 625 880 694 translatae
902 645 992 694 sunt.
1033 630 1175 698 'Arbores

217 797 258 842 ex
285 791 368 841 tera
392 770 536 860 argillosa
566 773 602 840 in
627 797 810 862 araneam,
838 793 894 844 aut
917 799 959 844 ex
984 799 1115 846 arenosa
1140 780 1196 844 in·

205 917 418 1010 ·argillaceam
451 924 662 1016 transpositae
688 922 832 1012 longiore
860 943 1005 1018 tempore
1033 925 1074 994 aci
1097 949 1180 994 com-

216 1069 490 1163 prehendendum
508 1045 511 1054 Ι
529 1090 563 1140 et
600 1070 813 1140 crescendum
852 1071 1015 1160 indigent.
1072 1071 1179 1142 Nutri-

157 1249 160 1257 Δ
206 1237 345 1306 menta,
369 1243 452 1311 quae
472 1218 598 1288 radices
618 1243 658 1287 ex
679 1237 765 1288 terra
789 1220 967 1306 hauriunt,
995 1239 1028 1288 et
1055 1223 1176 1313 quibus

215 1384 282 1434 tota
313 1365 416 1435 veluti
450 1365 637 1435 oeconomia
663 1367 785 1432 arboris
818 1363 951 1434 adsueta
983 1385 1050 1453 est,
1079 1368 1176 1436 nimis

214 1485 340 1582 diversa
357 1515 459 1600 sunt,
489 1537 589 1607 quam
611 1515 652 1582 'nt
674 1511 839 1582 translatio
858 1511 947 1581 nulla
973 1499 1177 1585 incommoda

207 1661 326 1730 -arbori
345 1660 474 1729 inserat.

154 1813 157 1820 ’
258 1810 428 1882 Veteribus
463 1809 647 1902 geoponicia
681 1809 752 1897 jam
777 1783 861 1877 satis
878 1795 955 1878 nota
979 1828 1072 1880 erant
1095 1835 1180 1882 com·

215 1955 311 2024 moda
350 1983 369 2026 e
407 1959 584 2026 seminariis
626 1958 740 2051 ibique
789 1961 957 2052 prognatis
1000 1959 1180 2028 arbusculis

212 2108 447 2200 provenientia.
480 2107 535 2177 Sic
562 2068 594 2176 r.
620 2133 649 2176 c.
671 2107 806 2196 legimus
828 2107 918 2200 apud
941 2125 1177 2199 conventren,

211 2254 291 2322 libr.
318 2254 360 2322 de
384 2245 585 2340 arboribus{¹
606 2253 687 2346 Gap.
714 2255 741 2322 l.
786 2255 877 2340 »Qui
903 2255 1031 2324 vincam
1057 2256 1108 2327 vel
1134 2283 1180 2325 er·

213 2403 349 2468 bustum
383 2402 579 2470 constituere
607 2401 713 2489 volet,
742 2403 911 2472 seminaria
945 2407 1039 2498 prius
1075 2405 1179 2476 secere

211 2548 361 2635 debebit3
387 2549 436 2617 sic
462 2550 551 2616 enim
575 2551 674 2636 sciet,
698 2551 793 2636 cujus
817 2524 944 2636 'generis
971 2551 1070 2618 vitem
1095 2555 1179 2644 posi-

211 2715 303 2767 turus
337 2699 391 2767 sit.
441 2697 522 2768 Nam
554 2723 637 2791 quae
674 2697 782 2790 pretio
817 2714 929 2788 parata
965 2695 1175 2790 disponitur,

201 2868 331 2918 *certam
369 2849 587 2938 generositatis
620 2845 725 2914 fidem
753 2869 832 2950 'non
868 2845 985 2932 habet,
1021 2829 1178 2941 qnonianr

211 2995 352 3066 dubium
370 3016 432 3084 est,
455 2995 558 3082 anis,
580 2993 640 3088 qni
656 2991 822 3081 vendidit,
843 2992 983 3082 legendis
998 2995 1175 3064 seminibus

210 3143 396 3215 adbibuerit
422 3145 640 3233 diligentiam,
672 3161 745 3212 tum
769 3143 881 3231 etiam,
913 3141 1005 3237 qnod
1031 3167 1071 3212 ex
1084 3143 1173 3213 ‘lon-

212 3294 338 3386 ginquo
362 3294 506 3385 petitur,
528 3317 647 3385 parum
672 3291 869 3364 familiariter
894 3310 1007 3360 nostro
1033 3289 1111 3358 solo'
1127 3315 1177 3361 se·

210 3443 281 3530 nit,
320 3430 458 3536 propter
491 3441 582 3534 qnod
613 3440 776 3512 difficilius
812 3438 1004 3510 convalescit
1036 3438 1176 3510 alienum

211 3609 338 3682 exterae
355 3589 505 3676 regionis.
552 3588 719 3682 Optimum
739 3609 788 3660 est
805 3590 931 3681 itaque,
954 3588 1068 3658 eodem
1083 3613 1174 3678 agro,

212 3762 280 3832 qno
306 3739 405 3807 vitem
427 3737 644 3831 dispositurus
666 3763 720 3826 es,
742 3736 792 3808 vel
813 3756 898 3805 certe
922 3739 1049 3826 vicino,
1071 3738 1175 3808 lacere

211 3886 558 3980 seminarium3'idque
580 3885 722 3957 multum
734 3885 834 3954 refert
855 3887 920 3954 loci
942 3906 1066 3956 natura.
1096 3887 1175 3954 Nam

211 4037 237 4106 si
266 4039 359 4110 colles
388 4041 489 4112 vineis
524 4041 575 4111 vel
603 4041 743 4114 arbustis
779 4057 997 4138 occupamus
1020 4062 1073 4126 ⁰⁸⁹
1102 4061 1176 4130 P¹'⁰·
