2890 4978
644 386 687 450 93

181 625 266 692 tione
296 624 520 708 augebuntur.'
565 623 649 691 Hinc
680 623 738 720 fia,
761 639 798 691 ut
818 624 987 720 arboreae
1010 625 1143 720 reliquis

178 789 317 840 remotae
338 769 442 840 multo
460 770 574 838 durius
595 769 721 860 lignum
735 753 944 871 lahama-et
963 771 1049 863 ligna
1069 800 1145 844 oae-

179 921 245 988 dua
281 921 365 1012 sepis
401 921 620 992 vehementius
654 941 688 990 et
717 921 831 996 melius
863 921 1015 1009 ardeant,
1047 946 1147 1016 quam

178 1069 326 1157 ejusdem
344 1070 467 1156 generis
490 1069 575 1156 ligna
596 1094 614 1138 e
635 1069 731 1160 sylvis
754 1068 911 1140 desumto.

223 1365 375 1457 Denique
407 1360 507 1458 quod¹
535 1364 576 1431 ad
609 1369 764 1454 majorem
792 1367 990 1440 laborem‘et
1013 1369 1150 1456 majores

179 1532 303 1582 sumtus
325 1531 469 1606 spectat,
493 1513 553 1581 hae
575 1513 715 1582 tenenda
735 1534 822 1588 sunt.

223 1662 258 1731 Si
289 1686 320 1730 v.
355 1687 386 1730 c.
415 1662 451 1728 in
490 1661 696 1730 conserendis
734 1661 831 1754 sylvis
868 1663 1056 1736 arbusculae
1086 1689 1146 1757 per

185 1809 328 1878 duorum
348 1809 474 1902 pedum
498 1808 665 1882 intervalla
686 1835 704 1876 a
725 1834 759 1876 se
781 1811 921 1880 invicem
942 1810 1150 1904 plantantur,

181 1975 214 2026 et
244 1960 280 2024 in
304 1957 360 2026 tali
389 1983 482 2027 eausa
499 1959 614 2050 septies
636 1957 724 2027 mille
747 1977 781 2026 et
803 1947 978 2046 nonaginta
998 1961 1151 2032 anhusen·

180 2107 228 2176 lae
254 2110 488 2202 requiruntur,
522 2070 748 2178 tantummodo
773 2106 859 2176 inter
893 2107 981 2176 idem
1008 2111 1151 2201 spatium

180 2255 423 2350 propemodum
444 2254 531 2322 mille
551 2273 584 2324 et
607 2254 768 2324 ducentae
791 2257 1026 2348 requiruntur,
1052 2281 1152 2349 quam

179 2409 324 2502 primum
353 2409 483 2476 arbores
516 2431 575 2500 per
610 2405 775 2476 intervalla
808 2409 957 2512 quinqua
988 2403 1153 2500 peduma

179 2563 371 2632 seinvicem
391 2556 599 2654 plantantur,
623 2561 714 2654 qnod
741 2585 782 2626 ne
805 2577 926 2626 sextam
951 2558 1085 2650 quidem
1106 2583 1153 2624 ar-

180 2710 394 2780 buscularum
417 2729 544 2804 partem
571 2711 661 2777 feeit.
707 2709 740 2778 Si
762 2708 862 2794 igitur
887 2708 1030 2808 priorem
1051 2706 1152 2802 planj

182 2857 275 2927 tondi
293 2856 429 2926 modum
445 2858 637 2950 sequimur,
655 2874 781 2948 septem
798 2854 869 2942 illa,
884 2874 917 2923 et
934 2854 1025 2948 quod
1038 2881 1153 2926 excur-

107 3083 116 3108 ξ
181 3011 245 3094 rit,
268 3008 368 3076 millia
386 3006 599 3099 complebunt
616 3005 715 3073 modo
730 3029 835 3072 unum
850 3007 1022 3093 jugerum:
1044 3031 1149 3098 quum

116 3220 121 3229 s
184 3151 296 3226 contra
329 3181 386 3242 aa,
424 3159 452 3223 si
484 3155 621 3226 alterum
645 3153 782 3222 modum
808 3152 979 3246 plantandi
1001 3154 1148 3222 institui·

183 3331 275 3393 mus,
311 3305 422 3374 eadem
460 3302 515 3372 illa
549 3305 703 3372 arborum
739 3297 921 3397 quantitas
943 3326 999 3370 sex
1034 3304 1151 3391 jugera

182 3457 358 3550 complebit
380 3454 442 3546 (l).

192 3661 492 3680 ...Π-...Μ

195 3795 253 3876 [ll]
274 3801 339 3854 vid.
353 3815 382 3853 tt.
393 3810 504 3866 cornu,
522 3803 752 3874 Antaeisungzum
762 3799 905 3852 Waldtau.
922 3799 1015 3854 Drttte
1025 3803 1149 3870 Aeflaqe.
1203 3853 1216 3877 ¹„

272 3891 396 3945 Dresden
416 3891 501 3956 1821,
520 3909 548 3958 p.
565 3889 627 3944 289.
660 3889 719 3946 ,Ubi
743 3889 822 3940 simul
840 3889 929 3957 plores
948 3892 1054 3943 tabulae
1076 3895 1154 3946 inve-

270 3983 396 4046 niuntur,
416 3982 444 4033 in
463 3981 561 4051 quihus
578 3998 700 4033 numerus
718 3979 916 4032 arbuscularum
936 4000 985 4050 pro
1001 3983 1152 4036 diversitate

271 4072 407 4140 plantandi
426 4079 547 4140 respectu
566 4071 706 4124 distantiae
725 4072 930 4124 necessariarum
948 4073 1107 4132 indicantur.
