2890 4978
751 321 793 388 92

287 551 407 662 quibus
431 567 546 634 arbore
567 563 634 630 frui
658 561 801 649 contigit.
847 559 956 650 Atque
974 555 1054 624 hine
1072 553 1244 624 etiam'ui-

286 720 346 786 mis
374 717 474 784 dense
500 734 579 783 satas
601 715 732 780 arbores
753 707 885 780 tandem
902 727 1051 776 erescere
1070 709 1249 775 neeessario

286 866 459 953 desinunt,
489 866 539 933 uti
570 863 642 932 luce
672 861 787 931 elarius
811 859 977 952 adparet
967 881 1003 923 m
1024 857 1120 922 nimis
1148 857 1248 980 dense

287 1017 416 1085 consitis
435 1015 565 1108 pinetis.
602 1011 853 1102 Nonnumquam
869 1009 958 1075 enim
973 1003 1119 1074 videmus
1137 971 1272 1095 pineta·

285 1165 400 1252 viginti
429 1162 480 1232 vel
515 1163 647 1250 triginta
679 1181 862 1244 annorum,
891 1158 927 1222 in
965 1157 1087 1248 quibus
1120 1155 1248 1221 arbores

284 1314 353 1400 jam
377 1334 439 1402 per
460 1309 569 1402 plures
597 1321 697 1402 quam
716 1307 830 1374 decem
857 1329 956 1372 annos
986 1327 1127 1371 erescere
1154 1301 1254 1368 desie-

287 1477 387 1526 runt:
413 1484 519 1551 quum
541 1475 653 1526 eontra
674 1480 709 1523 ea
729 1454 802 1523 elias
821 1455 951 1522 arbores
969 1450 1117 1541 ejusdem
1133 1451 1254 1543 speciei

286 1625 318 1675 et
345 1597 474 1692 aetatis,
498 1605 596 1674 modo
622 1584 686 1698 pro
704 1601 837 1707 dimidia
860 1620 953 1695 parte
973 1601 1073 1668 laxius
1089 1599 1251 1692 plantatae

178 1845 181 1856 ‚
287 1757 371 1841 sint,
402 1756 528 1848 priores
555 1751 769 1846 amplitudine
795 1726 850 1821 ter
883 1767 1063 1842 quaterque
1096 1772 1251 1842 superare

285 1905 459 1978 videamus.

331 2200 413 2267 Tum
444 2219 578 2290 quoque
614 2213 711 2264 nocet
745 2196 825 2264 haec
853 2195 948 2262 nimis
972 2193 1071 2262 dense
1095 2194 1253 2287 plantatio

285 2346 440 2412 arborum
461 2343 608 2436 qualitati
629 2342 719 2430 ligni.

331 2494 404 2580 Quo
420 2495 516 2582 magis
532 2471 620 2560 sirim
636 2494 732 2560 arbor
751 2491 819 2560 luci
831 2493 974 2584 exposita
991 2492 1073 2579 fuit,
1088 2516 1125 2560 eo
1138 2491 1254 2559 durius

290 2666 357 2758 non
384 2641 502 2728 modo,
534 2643 731 2734 compactius
758 2660 792 2710 et
817 2639 1030 2760 ponderosius
1053 2642 1091 2710 fit
1113 2642 1254 2730 lignum,

289 2811 402 2857 verum
427 2791 524 2900 etiam
545 2813 584 2858 eo
606 2792 780 2878 majorem
775 2789 1045 2860 Quatefaciendi
1014 2815 1081 2860 um
1103 2791 1255 2876 habehit,

291 2955 345 3006 et
358 2961 413 3004 eo
424 2888 547 3028 diutius
574 2937 744 3030 putredini
767 2941 904 3020 resistet.
951 2939 1061 3007 Calore
1092 2937 1166 3006 solis
1193 2963 1258 3030 pro

291 3107 384 3182 parte
407 3108 582 3182 evaporant
603 3115 664 3183 per
682 3091 757 3160 folia
778 3093 950 3180 humores,
969 3111 1002 3164 et
1021 3091 1153 3161 acidum
1180 3118 1254 3162 ear·

293 3241 449 3310 bonicum
483 3207 686 3327 dissolvitur,
722 3269 741 3309 a
767 3267 843 3334 qua
877 3243 1056 3335 posteriore
1090 3242 1259 3311 functione

294 3391 446 3480 inprimis
466 3388 547 3478 ligni
570 3387 704 3457 durities
726 3390 869 3483 pendet,
893 3377 986 3484 quod
1007 3393 1202 3485 oxygenium
1224 3390 1259 3456 li·

295 3532 412 3606 berum
427 3597 430 3610 .
448 3519 583 3624 evadit,
619 3538 772 3606 oarhonio
805 3538 930 3607 relicto.
995 3540 1066 3625 Quo
1104 3541 1257 3628 majorem

295 3689 394 3776 igitur
415 3689 482 3754 vim
509 3686 594 3756 calor
615 3686 688 3753 solis
716 3687 751 3751 in
773 3687 921 3754 arborem
944 3704 1109 3772 excercet,
1131 3709 1169 3752 eo
1195 3709 1261 3752 nau·

291 3837 359 3926 jori
387 3803 494 3905 etiam,
514 3861 592 3904 oum
625 3837 659 3904 vi
684 3833 754 3903 ittae
780 3834 969 3904 functiones¹
985 3848 1202 3926 peragentur,
1227 3850 1262 3898 et

297 3981 395 4057 modo
420 4002 609 4054 memoratae
633 3965 800 4076 quaiatates
822 3981 900 4070 ligni
927 3984 962 4048 in
990 3978 1101 4049 eadem
1122 4001 1260 4076 propor-
