2886 4992
619 395 676 504 ..³⁷
789 397 803 428 ·

176 633 226 700 rio
242 633 374 724 percipi
391 647 530 723 possunt
547 630 616 702 sols
634 635 758 727 ratione
771 633 885 704 babiti
900 661 1036 726 eorum,
1058 667 1143 734 quae

173 782 215 850 aul
235 783 453 852 arboretorem
480 782 545 858 sive
568 749 771 852 uenditorem
785 786 1035 858 arbuscularum
1053 811 1141 881 spec·

175 951 257 1000 lant·

218 1082 326 1170 liujus
355 1081 445 1150 enim
464 1082 623 1184 interest,
646 1101 687 1152 ut
713 1083 801 1152 intre
821 1084 1047 1154 brevissimum
1064 1105 1143 1166 tem,-

173 1232 263 1324 poris
293 1230 437 1322 spatium
465 1229 583 1300 babeat
614 1255 713 1322 quem
746 1221 906 1323 plurimas
936 1234 1142 1324 arbusculas,

178 1403 284 1472 quum
311 1395 425 1447 eontra
457 1401 514 1464 ea,
550 1379 610 1469 qui
635 1401 732 1446 suum
756 1378 858 1447 babet
879 1381 942 1446 sibi
968 1383 1144 1474 proprium

176 1527 405 1632 seminarium,
433 1525 532 1612 magis
554 1542 665 1608 curet,
692 1542 750 1610 ut,
777 1527 889 1618 spretui
915 1527 1144 1617 multitudine,

175 1699 251 1744 suae
291 1676 423 1742 arbores
457 1674 602 1740 bonitate
635 1669 804 1741 excellant.
858 1675 1035 1745 Arboretor
1070 1702 1142 1746 suas

180 1825 263 1894 alere
290 1821 373 1891 solet
399 1822 529 1889 arbores
560 1822 597 1888 iu
630 1820 705 1890 loco
739 1821 890 1916 undique
924 1826 1009 1893 bene
1034 1845 1154 1919 septo,-

175 1975 279 2046 bumo
298 1965 457 2069 molliori,
480 1988 512 2039 et
532 1972 616 2038 bene
636 1987 834 2058 stercorato,
847 1943 889 2040 'et
910 1945 1019 2041 miluus
1033 1993 1143 2062 curat,

175 2140 214 2192 ut
239 2119 430 2190 arbusculae
459 2120 629 2188 crassiores
659 2118 759 2208 fient,
795 2145 897 2213 quam
924 2139 963 2189 ue
985 2123 1150 2214 procerio-

176 2295 228 2340 res
264 2266 424 2355 evadant,
462 2268 590 2359 quippe
619 2264 710 2358 quod
742 2269 821 2334 tules
844 2269 976 2336 arbores
1003 2269 1147 2365 meliores

177 2449 245 2494 esse
271 2421 445 2508 videntur,
474 2444 575 2513 quum
595 2443 726 2489 revera
750 2438 849 2508 sunt,
872 2437 906 2490 et
925 2422 990 2513 ipsi
1010 2423 1146 2515 insuper

176 2575 379 2644 occasionem
404 2570 565 2662 praebent
594 2566 636 2635 ad
664 2569 821 2656 majorem
843 2569 1000 2634 arborum
1021 2571 1148 2660 copiam
1184 2557 1189 2566 ’

169 2703 214 2790 in
244 2721 366 2789 minori
393 2721 499 2812 spatio
528 2715 697 2802 alendam,
733 2739 776 2782 na
802 2713 911 2782 dicem
946 2717 1057 2809 ipsum
1084 2718 1147 2790 bac

177 2869 352 2940 clliditau
389 2885 528 2936 emtores
563 2887 659 2956 saepe
690 2863 940 2956 speciosioribus
965 2867 1146 2936 arbusculis
1212 2899 1216 2910 ·

176 3017 337 3110 decipere.
376 3017 463 3102 Quae
487 3013 596 3082 omnia
621 3013 781 3082 contraria
797 3032 875 3082 sunt
888 3015 1064 3084 commodis
1083 3041 1147 3086 em-

177 3182 304 3250 torum,
327 3165 484 3255 quoniam
500 3158 664 3250 ejusmodi
680 3149 870 3228 arbusculae
892 3162 996 3229 rarius
1016 3186 1148 3254 exspec-

182 3313 297 3383 tationi
320 3309 362 3377 de
391 3312 472 3404 ipsis
499 3327 679 3402 conceptae
708 3310 897 3380 setileeient.
948 3309 1146 3403 Plerumque

180 3464 269 3532 euim
288 3485 389 3556 quam
414 3457 590 3527 lentissime
614 3477 786 3547 crescunt,
817 3476 851 3527 et
873 3455 979 3524 multo
1001 3475 1146 3551 tempore

178 3614 220 3682 ad
239 3607 591 3705 comprehendendum
613 3627 646 3678 et
673 3604 961 3678 convalescendum
988 3607 1146 3696 indigent.

225 3917 343 4007 Atque·
359 3915 419 3982 ubi
441 3911 484 3980 ad
510 3911 590 3980 liaec
615 3911 724 3979 omnia
743 3909 887 3976 animum
913 3907 1084 3998 diligenter
1097 3909 1151 3976 ad-

181 4063 357 4151 vertimus,
392 4062 573 4152 unieuique
610 4058 684 4129 luce
724 4057 839 4125 clarius
883 4060 1027 4149 patebit,
1064 4057 1148 4125 nihil
