2890 4978
781 394 821 460 78

311 651 438 704 noceat.
491 633 589 720 Quod·
615 634 710 720 longe
735 633 825 702 aliter
856 657 923 702 sese
950 633 1048 705 habet'
1080 603 1200 708 ratione
1231 667 1280 708 an

253 865 256 872 ¹
316 791 435 854 borum
466 767 687 874 cacuminibua
720 787 909 854 carentium.
954 787 1019 853 Hae
1046 793 1177 858 arbores
1205 817 1280 860 cum

314 937 443 1004 ramulis
478 961 587 1004 omnes
623 961 694 1002 suas
727 961 863 1023 gemmas
887 937 1082 1023 amiserunt,
1114 958 1147 1006 et
1176 943 1281 1033 prius·

313 1113 414 1182 quam
451 1112 549 1161 novae
583 1089 734 1154 subortae
764 1087 850 1172 sint,
880 1104 912 1154 et
941 1088 1038 1155 arbon
1071 1081 1292 1158 frondescereo

311 1239 465 1328 incipiat,
488 1259 625 1304 vernum
650 1253 797 1326 tempus,
820 1234 963 1302 subinde
987 1237 1083 1304 etiam
1103 1237 1182 1306 adeo
1203 1265 1277 1330 pars

310 1386 435 1454 aestatis
463 1385 534 1472 jam
560 1385 747 1477 praeteriit,
779 1386 824 1451 ita
850 1403 889 1452 ut
907 1387 1000 1453 'circa
1032 1385 1115 1452 illud
1147 1405 1275 1480 tempus

310 1535 451 1601 siccitati
480 1552 701 1626 exponantur,
728 1551 760 1601 et
783 1533 913 1602 defectu
941 1536 1117 1602 humorum
1141 1561 1278 1623 gemmae

311 1679 458 1751 evolvere
480 1707 551 1790 suas
583 1699 757 1812 nequpaut.

357 1834 524 1900 Praeterea
551 1835 611 1899 ista
645 1829 822 1922 amputatio
854 1829 1060 1896 cacuminum
1084 1825 1157 1894 ideo
1183 1831 1281 1897 etiam

313 1984 410 2048 noxia
436 1998 503 2064 est,
537 1979 627 2069 quod
659 1997 778 2044 trunco
807 2002 868 2068 per
894 1979 988 2044 istam
1015 1979 1114 2042 nimia
1134 1976 1280 2046 winera-

312 2130 357 2194 tio
384 2126 555 2212 infligitur.
579 2117 581 2121 ⁸
600 2075 759 2212 Lignum,
782 2143 947 2218 amputato
975 2123 1159 2212 cacumine,
1182 2150 1281 2218 expo-

309 2277 400 2342 nitur
423 2277 491 2340 aori
511 2275 768 2366 atmosphaerico
787 2293 820 2342 et
841 2273 896 2340 illa
922 2276 1081 2366 expositio
1099 2275 1215 2360 efficit,
1241 2293 1279 2341 ut

238 2428 240 2432 ’
309 2422 393 2490 illud
425 2377 549 2511 lig'nutu
584 2425 669 2490 circa
702 2421 820 2489 vulnus
859 2441 979 2491 trunco
1018 2424 1185 2492 inflictum
1215 2447 1280 2490 mo·

313 2574 416 2640 riatur
443 2590 477 2639 et
503 2573 621 2638 sensim
652 2569 855 2638 dissolvatur.
901 2570 1059 2656 Quod'si
1089 2571 1185 2637 arboc
1214 2572 1280 2638 cito

301 2725 449 2806 crescit,
478 2739 510 2788 et
534 2719 587 2788 ille
614 2719 786 2812 primarius
817 2719 990 2805 surculus,
1021 2720 1152 2811 dequo
1177 2743 1277 2810 supra

311 2869 403 2952 dixi,
436 2870 501 2936 cito
525 2895 601 2936 cum
625 2887 743 2936 trunco
769 2871 804 2934 iu
831 2893 935 2936 unum
960 2868 1095 2954 coaluit,
1119 2886 1199 2934 tunc
1221 2891 1279 2958 po·

312 3038 376 3088 test
401 3015 482 3084 iilud
509 3019 616 3085 arbori
643 3043 703 3110 per
727 2989 980 3110 amputationem
1008 3015 1132 3088 illatum
1157 3013 1278 3082 uulnus
1311 3034 1312 3039 ’

314 3166 449 3261 quidem
474 3168 539 3234 cito
565 3168 672 3254 obtegi
693 3186 725 3234 et
750 3169 947 3252 cicatricari,
969 3167 1026 3232 sed
1050 3133 1277 3232 nihilosecius

314 3337 421 3385 tamen
446 3313 499 3383 ille
528 3314 624 3382 semel
655 3315 842 3385 vulneratus
879 3315 967 3384 locus
1002 3313 1172 3382 morbidus
1201 3337 1278 3405 quo-

311 3463 486 3533 dammodo
521 3464 681 3548 manebit,
718 3463 751 3530 ¹ct
774 3483 930 3557 sequente
954 3453 1102 3556 tempore
1125 3465 1160 3529 in
1185 3487 1277 3530 causa

311 3615 395 3699 erit,
431 3632 469 3682 ut
499 3617 646 3682 universa
668 3593 764 3680 achor
784 3614 966 3702 languescat
984 3633 1016 3682 et
1043 3612 1084 3679 ad
1106 3612 1277 3679 interitum

314 3780 433 3849 vergat.
485 3763 580 3832 Multi
612 3761 747 3857 quidem
773 3782 908 3856 putant,
942 3763 1058 3832 vulnus
1080 3759 1188 3828 arbori
1210 3757 1277 3826 illa·

313 3929 385 3980 tum
403 3913 573 3980 innoxium
594 3939 681 4002 esse,
709 3915 954 4006 'quamprimum
976 3909 1058 3978 iliud
1081 3909 1200 3977 cortice
1221 3909 1267 3974 ob

311 4081 437 4131 tectum
467 4042 527 4148 sit,
563 4061 619 4131 aed
647 4063 745 4132 iidem
782 4063 819 4129 hi
845 4087 913 4134 non
945 4079 1117 4154 reputant,
1143 4065 1170 4130 si
1195 4085 1269 4155 pars
