2886 4992
682 367 717 429 ll

255 604 311 672 Sic
340 601 437 669 etiam
470 596 685 666 coniferarum
719 618 837 686 genera
872 603 944 669 satis
986 601 1078 676 facile
1117 628 1181 696 per

214 749 309 818 taleas
341 748 512 840 propagari
539 765 688 839 possunt.
745 747 868 814 Harum
901 750 989 816 enim
1017 754 1099 817 rami
1134 779 1183 820 re·

214 901 291 967 secti
323 916 357 965 et
389 897 425 963 in
452 915 570 964 terram
602 898 719 989 positi,
742 921 810 964 non
829 898 873 964 ita
896 896 988 966 facile
1011 920 1176 990 arescunt,

211 1067 244 1117 ot
261 1073 302 1116 ex
321 1071 423 1141 parvo
445 1047 600 1116 exhausto
622 1047 757 1114 humore
778 1045 871 1134 longe
890 1048 997 1116 rivere
1014 1067 1175 1140 possunt,

213 1191 303 1291 quod
338 1214 445 1265 autem
476 1197 555 1264 huic
584 1195 683 1264 modo
717 1197 859 1289 pinnum
895 1197 1178 1290 propagandarum

215 1347 405 1438 praesertim
437 1345 542 1431 favet,
573 1345 681 1432 margo
706 1361 775 1431 est,
808 1360 846 1412 ut
873 1345 917 1412 ita
939 1345 1067 1434 dicam,
1091 1363 1183 1416 natu·

214 1492 309 1580 ralis,
346 1495 406 1586 qui
443 1491 603 1560 descensu
642 1515 814 1560 succorum
851 1516 959 1562 versus
995 1495 1182 1564 inferiorem

150 1700 151 1708 ,
213 1661 340 1737 partem
372 1641 526 1710 talearum
564 1644 690 1730 oritur,
728 1661 761 1711 et
788 1667 829 1710 ex
856 1669 924 1736 quo
946 1643 1025 1712 dein
1053 1645 1179 1714 radices
1263 1701 1268 1712 .

147 1795 150 1802 ⁴
212 1788 469 1885 protenduntur.
504 1791 581 1860 Scio
604 1791 739 1885 quidem
760 1790 839 1859 olim
868 1792 965 1860 fuisse
985 1793 1180 1880 nonnullos,

216 1945 275 2037 qui
304 1941 563 2030 contenderent,
594 1945 692 2036 pinus
717 1967 779 2037 per
801 1944 895 2011 taleas
919 1945 1091 2037 propagari
1117 1967 1184 2012 non

212 2113 326 2186 posse5
351 2091 407 2159 sed
431 2116 482 2159 me
506 2117 640 2186 quoque
661 2117 728 2160 non
751 2092 850 2180 lugit,
869 2093 938 2180 jem
959 2109 1032 2160 ante
1056 2115 1179 2158 annum

218 2243 303 2312 1790
326 2240 416 2333 apud
445 2264 504 2306 nos
535 2240 627 2306 hunc
653 2240 856 2332 propagandi
882 2240 1017 2308 mo'dum
1045 2240 1185 2308 nonnul·

216 2389 261 2458 los
273 2413 384 2456 rerum
393 2389 593 2456 rusticarum
614 2407 765 2456 amatores
783 2407 936 2482 expertos
951 2413 1036 2477 esse,
1059 2415 1183 2458 eorum-

215 2565 280 2632 que
308 2539 477 2607 conamina
511 2537 620 2606 felices
646 2559 812 2604 successus
836 2537 1016 2624 hahuisse(
1038 2538 1064 2624 ).

257 2689 297 2755 ln
322 2690 428 2781 patria
453 2706 562 2755 nostra
591 2700 816 2779 propagantur
847 2703 911 2776 ope
939 2682 1094 2750 talearum
1116 2683 1185 2752 sali·

219 2857 271 2908 ces
296 2855 328 2906 et
359 2837 487 2930 populi.
531 2835 648 2904 Salices
674 2835 783 2902 statim
814 2834 849 2898 in
880 2827 934 2900 illa
963 2832 1034 2900 loca
1062 2828 1187 2927 deponi

216 2979 336 3071 solent,
350 2985 411 3051 ubi
425 2983 592 3069 volumus,
607 3001 645 3050 ut
658 3001 861 3069 remaneant,
884 3000 982 3075 atque
996 2981 1094 3050 modo
1107 2983 1183 3050 sini·

215 3156 287 3198 mus
323 3133 390 3199 illas
436 3155 641 3200 succrescere
683 3131 719 3196 in
759 3129 966 3198 altitudinem
1006 3131 1182 3218 arborum,

219 3279 330 3348 modo
345 3278 414 3345 illas
437 3280 677 3348 detruncamus.
721 3279 913 3348 Haerentem
940 3277 1075 3346 salicum
1089 3278 1185 3348 taleae

216 3431 376 3525 precipue
408 3447 583 3497 sumuntur
603 3454 621 3496 e
643 3430 737 3496 ramis
762 3427 1030 3498 detruncatarum
1050 3427 1183 3502 salicum

245 3697 288 3770 (1)
309 3697 374 3752 Vid.
410 3697 527 3750 Werlsen
551 3711 603 3748 nan
631 3696 660 3746 de
696 3694 891 3762 naassctappij
926 3709 979 3746 uun
1013 3695 1187 3762 Laudiacum,-

245 3810 252 3818 ·
306 3789 377 3842 des
400 3783 663 3855 Deel,1·testuk,
691 3785 731 3838 bl.
751 3787 810 3836 115.
844 3779 1040 3853 Ubidicitur,
1059 3787 1189 3840 arbuscu-

307 3881 346 3933 las
370 3897 404 3933 ex
425 3878 540 3934 surculis
566 3876 719 3930 lateralibus
746 3874 855 3942 pinnum
890 3882 1045 3944 propagatas
1069 3875 1189 3944 complui

306 3989 381 4042 poste
407 3971 478 4040 apud
506 3969 580 4024 viros
607 3966 782 4037 agriculturae
808 3970 936 4018 amotores
963 3978 1141 4020 ztttovoonr
1161 3971 1208 4018 et=

312 4075 374 4116 rttt
391 4072 547 4115 nnnswnx
565 4061 593 4112 in
611 4059 748 4116 vicinitate
766 4053 864 4123 sylvae
881 4055 998 4111 Ducum.
