2890 4978
597 365 606 378 ’
666 408 714 471 ot

205 664 359 740 possunt,
382 643 545 737 siqnidem
565 643 688 712 radices
710 643 908 731 singularum
925 648 1097 734 arborum,
1120 668 1169 718 ut·

207 819 284 891 pote
312 800 347 864 in
374 816 493 866 terram
518 797 639 864 rectius
662 813 865 887 penetrantes
887 820 920 861 se
942 797 1083 864 invicem
1105 801 1166 866 sub

207 966 291 1014 terra
317 971 385 1014 non
412 965 478 1014 tam
503 945 596 1014 facile
624 947 788 1033 attingunt
810 964 843 1013 et
865 945 1060 1015 detrimento
1080 944 1167 1016 sunt.

203 1095 276 1163 line
288 1095 426 1182 accedit,
441 1094 533 1190 quod
545 1097 671 1163 cirum
683 1092 760 1162 tales
770 1096 899 1162 arbores
911 1145 921 1180 ‚
935 1113 1073 1187 propter
1082 1094 1170 1164 altio-

203 1264 275 1318 retn
283 1252 383 1318 situm
395 1249 512 1318 radicis
526 1249 655 1340 palaris,
674 1247 732 1314 alia
741 1247 825 1334 ligna
836 1247 975 1333 medua,
987 1248 1055 1316 sine
1068 1249 1169 1339 ipsius

207 1400 328 1465 arboria
348 1399 501 1486 jacturis,
526 1398 700 1488 provenire
725 1414 873 1487 possunt.
919 1396 1115 1486 Quicunque
1127 1393 1169 1462 de

138 1625 142 1628 ,
208 1547 270 1615 hac
289 1571 324 1614 re
349 1548 411 1613 sibi
430 1545 719 1639 ipsepersnadere
747 1544 840 1630 velit,
867 1543 920 1610 ille
941 1545 1049 1614 oculos
1072 1544 1170 1614 modo

206 1713 372 1764 convertat
397 1697 432 1760 in
450 1697 600 1780 arbores,
615 1719 708 1787 ‚quae
732 1717 788 1760 sua
810 1713 925 1786 sponte
944 1697 979 1760 in
994 1697 1075 1781 agris
1097 1720 1172 1787 pro·

206 1845 357 1930 dierunt,
386 1863 424 1912 ut
446 1845 551 1912 videat
577 1844 634 1910 has
658 1867 787 1927 omnes,
822 1841 914 1934 qnod
939 1842 1049 1910 radies
1068 1843 1171 1934 palari

206 2017 272 2061 non
294 1992 466 2060 destitutae
485 1995 569 2079 sint,
594 1991 696 2076 molto
710 1993 868 2078 minorem
877 1990 1172 2078 jacturaminfsrre

206 2144 364 2229 segetibus
378 2141 430 2210 vel
440 2141 558 2234 plantis
571 2143 605 2206 in
619 2143 767 2232 ipsarum
780 2142 987 2232 proximitate
999 2141 1172 2208 stantibus.

248 2289 407 2374 Quoniam
443 2287 542 2374 igitur
579 2288 789 2373 arbusculae,¹
824 2313 906 2382 qnae
940 2314 1011 2356 suas
1047 2287 1198 2356 radices·

206 2435 327 2530 palares
351 2439 577 2524 retinuerunt,
603 2437 714 2506 laetius
728 2457 762 2506 et
773 2440 871 2506 eitius
888 2463 1030 2507 messere
1046 2439 1173 2525 solent,

164 2609 168 2614 ·
205 2611 305 2679 quam
333 2585 424 2672 illae,
457 2611 541 2678 spone
565 2585 615 2652 his
628 2587 782 2678 ⁴privatae
810 2602 907 2668 sunt,
929 2584 1056 2651 ideireo
1075 2587 1172 2652 etiam

206 2733 334 2831 nonulli
349 2752 469 2826 putant
485 2751 647 2825 praestare
663 2733 699 2798 in
712 2731 808 2822 sylvis
823 2729 1032 2798 conserendis
1042 2731 1174 2798 nonnisi

205 2882 375 2970 glandibus
409 2885 479 2951 uti:
512 2883 658 2974 primum
691 2880 783 2973 quod
810 2882 875 2949 hoc
910 2881 1007 2950 modo
1033 2883 1173 2950 minores

8 2979 10 3040 l
111 3036 116 3042 ’
203 3050 327 3099 sumtus
348 3030 489 3101 faciendi
510 3032 595 3118 sint,
621 3030 739 3098 deinde
758 3029 854 3123 ‚qnod
875 3034 1006 3099 arbores
1020 3055 1038 3098 e
1053 3029 1174 3118 glandi·

205 3178 267 3244 hus
286 3178 484 3270 prodeuntes
503 3197 535 3246 et
555 3177 706 3246 nondum
719 3179 971 3271 transplantatus
986 3181 1079 3248 citius
1094 3205 1176 3250 ores·

208 3346 292 3396 cant.
337 3327 417 3394 Nam
447 3326 653 3396 contendunt
680 3347 755 3421 post
782 3327 896 3397 decem
921 3351 1021 3411 anuos
1045 3327 1102 3396 iras
1126 3353 1174 3398 ar·

207 3477 301 3543 bores
319 3499 420 3568 aeque
438 3443 566 3562 magnas
584 3477 654 3544 fore
673 3495 772 3569 atque
789 3476 875 3560 illas,
901 3499 981 3568 quas
999 3495 1173 3570 septennes

205 3624 400 3717 plantaveris
422 3642 454 3692 et
474 3624 587 3692 eodem
609 3624 768 3702 decennio
788 3624 946 3716 preterito
966 3642 1090 3694 sternas
1112 3626 1172 3717 (Ι).

200 3963 202 3968 ,
237 3909 280 3978 (1)
300 3907 343 3960 Gi.
367 3904 417 3960 hac
444 3907 477 3960 ds
497 3923 526 3993 ro
546 3906 666 3960 eximiam
684 3906 914 3973 diametrtionsm
937 3911 1005 3962 Ooer
1023 3909 1072 3960 dm
1089 3909 1184 3974 oonleg

299 4016 329 4050 en
345 4002 375 4052 de
392 4000 539 4064 bewerkiag
556 4015 610 4050 van
624 4007 718 4052 woeste
730 3999 848 4065 granden
867 4015 931 4051 voor
944 4001 973 4051 de
983 3999 1182 4051 horst-cultum·

300 4088 447 4159 zutphen,
466 4091 543 4142 1836.
561 4107 621 4160 pag.
640 4092 675 4143 to
693 4097 719 4142 et
737 4107 792 4157 seq.

982 4217 1025 4282 5*
