2886 4992
666 413 706 478 27

200 657 305 726 citetis
327 671 390 723 cut'
406 653 606 724 humiditatis
627 651 745 742 gradus
766 657 929 750 respicere
951 656 1079 727 debere.
1111 661 1164 731 Se

199 806 334 882 minaria
350 817 351 822 ’
366 804 470 871 enim.
489 791 735 872 constituuntur
772 806 948 890 generatim
982 804 1024 872 ud
1059 811 1164 877 omnis

80 999 83 1004 -
194 955 323 1043 generis
350 955 481 1022 arbores
507 945 738 1044 proferendos,
760 951 826 1020 hcc
851 969 920 1039 est,
941 969 1008 1022 tam
1028 951 1070 1020 ad
1095 977 1164 1042 ecs,

198 1125 284 1196 qurue
317 1099 423 1168 solum
455 1101 600 1186 siccum,
631 1123 731 1191 quum
763 1095 805 1166 ed
838 1099 914 1186 has,
945 1123 1028 1192 quse
1059 1102 1166 1172 solum

195 1249 376 1317 humidum
394 1212 554 1338 exigent..
587 1247 692 1334 Hinc,
708 1245 907 1315 'secundum
929 1267 1165 1339 cocuntium

197 1401 226 1466 si
253 1401 381 1466 arbores
408 1401 444 1466 in
478 1395 616 1466 collibus
642 1413 676 1464 et
701 1381 783 1464 locis
805 1396 899 1464 siccis
924 1395 1089 1492 deponere
1114 1423 1167 1469 vo

196 1549 324 1634 lumus,
356 1545 567 1614 seminarium
592 1546 628 1610 in
656 1543 744 1612 sicco
769 1543 842 1612 loco
861 1545 938 1614 ‘fieri
964 1546 1081 1636 debet3
1113 1549 1165 1616 sin

195 1715 303 1766 eutem
325 1697 456 1763 arbores
480 1693 655 1763 transferre
681 1691 831 1762 volumus
853 1693 888 1760 in
912 1694 984 1764 loca
1008 1695 1162 1785 humida,

196 1865 278 1921 tune
305 1851 435 1917 arbusta
457 1871 499 1916 ex
525 1845 702 1914 seminariis
725 1843 869 1912 humidis
893 1844 1050 1914 sumenda
1071 1866 1166 1935 sunt,

197 2015 236 2067 ut
255 1999 305 2074 sic
323 1998 452 2072 arbores
474 1996 571 2066 citius
592 2013 625 2064 et
641 1993 758 2064 'laetius
780 2004 938 2062 crescunt.

242 2291 391 2360 Secundo
425 2293 511 2378 loco,
543 2292 572 2356 si
605 2287 760 2378 agricolae
790 2311 848 2357 suc
875 2291 941 2384 ipsi
967 2289 1088 2358 habere
1113 2300 1167 2359 'vo-

195 2439 270 2508 lunt
302 2440 489 2526 seminaria,
528 2437 638 2532 quod,
674 2457 712 2508 ut
744 2438 844 2508 modo
866 2441 1027 2527 vidimus,
1050 2464 1166 2534 operae

134 2609 145 2632 ·
192 2583 330 2657 omnino
361 2583 506 2680 pretium
528 2606 595 2672 est,
618 2585 739 2654 inillis
767 2585 925 2672 eligendis
947 2603 1088 2676 possunt
1114 2611 1168 2654 ne·

198 2736 368 2804 cessarium
402 2759 515 2804 curem
546 2734 725 2820 adhibere,
758 2750 793 2799 et
823 2753 967 2818 sumere,
990 2754 1054 2824 pro
1076 2735 1168 2802 arbe

195 2907 272 2952 rum
295 2883 423 2953 diuersi
444 2882 585 2969 neturd,
608 2880 735 2950 diverse
755 2878 826 2949 loca
848 2873 967 2948 futuris
986 2883 1166 2950 seminariis

129 3041 138 3058 ⁰
192 3035 319 3104 idoneo.
364 3031 460 3120 Quod
493 3034 582 3102 enim
609 3032 709 3120 hujus
740 3032 789 3097 rei
813 3030 896 3098 ratio
934 3031 1085 3123 inprimis
1111 3031 1167 3098 he-

195 3187 270 3254 beri
293 3185 427 3272 debeat,
459 3186 537 3253 inde
561 3186 635 3253 sctis
667 3199 810 3270 constat,
841 3181 951 3275 quod,
973 3183 1001 3250 si
1021 3199 1106 3250 terre
1127 3182 1163 3248 in

199 3322 372 3402 seminario
398 3331 534 3430 fertilior
561 3351 628 3421 est,
651 3331 819 3426 quantillo
831 3332 904 3400 loco
921 3348 989 3416 est,
1011 3331 1048 3396 in
1062 3351 1164 3424 quem

189 3483 343 3551 arborem
355 3481 531 3552 transferre
543 3482 641 3572 velis,
663 3481 817 3552 translate
837 3483 933 3549 orbor
947 3481 1071 3569 aegrius
1086 3505 1164 3549 con·

190 3631 328 3701 vilescet
362 3649 396 3701 et
432 3629 526 3701 rnldc
570 3632 833 3717 contristabitur,
876 3627 968 3722 qnod
1010 3629 1165 3700 humores

191 3801 260 3850 non
302 3799 371 3851 tem
405 3779 588 3852 succulenti
626 3801 744 3870 erunt,
783 3807 844 3850 nec
876 3804 980 3874 teque
1008 3805 1162 3870 magnum

192 3931 433 4006 nutrimentum
471 3933 581 4002 arbori
616 3933 832 4027 praebebunt.
892 3932 1002 4026 Atque
1034 3931 1160 4000 idcireo

191 4081 356 4152 nonnulli*
369 4101 516 4154 statuunt
541 4083 728 4155 arbusculas
759 4083 795 4150 in
824 4083 925 4152 humo
949 4105 1017 4160 non
1043 4097 1160 4149 sterce
