2890 4978
593 1051 778 1175 carus
799 1119 802 1124 ·
821 1081 953 1188 rut·

484 1337 527 1382 llll
548 1337 620 1382 lesi
642 1337 800 1382 insonuit
823 1337 1069 1386 ΙἸΛΑΝἸἋἸῚΟΝΙΞ.γ

351 1896 443 1994 Ante
474 1931 579 1994 omnia
608 1930 643 1990 in
680 1930 849 1994 arboribus
879 1927 1067 2017 plantandis
1098 1927 1152 1994 illa
1177 1953 1254 1994 cura

287 2074 468 2142 adhibenda
499 2093 565 2159 est,
600 2093 637 2142 ut
665 2076 753 2167 ipsae
785 2099 884 2166 quam
912 2076 1064 2142 citissime
1084 2095 1251 2160 scrantur,

286 2252 327 2292 ne
348 2227 469 2292 radices
491 2227 699 2293 exsiccationi
717 2227 815 2291 nimis
838 2244 1055 2316 exponantur.
1101 2225 1171 2293 Hoc
1184 2227 1255 2312 jam

283 2389 374 2438 antea
397 2369 556 2454 diximus,
581 2389 614 2436 et
634 2369 731 2434 simul
753 2373 850 2437 etiam
867 2371 924 2437 illa
943 2372 1109 2439 occasione
1130 2375 1256 2440 monui·

285 2547 376 2608 mus,
394 2525 464 2608 jam
481 2523 524 2588 ob
542 2521 629 2587 hanc
641 2521 737 2586 etiam
750 2539 879 2586 causam
893 2520 1006 2586 melius
1020 2544 1106 2606 esse,
1122 2539 1160 2588 ut
1172 2522 1254 2607 agri-

285 2671 425 2740 cultores
466 2694 524 2735 sua
560 2670 624 2760 ipsi
661 2667 819 2761 haberent
855 2668 1039 2753 seminaria,
1078 2693 1178 2759 quam
1213 2687 1252 2734 ut

283 2815 470 2883 arbusculas
489 2841 528 2882 ex
549 2815 616 2882 aliis
639 2815 718 2883 locis
740 2833 956 2899 arcesserent,
980 2817 1136 2906 quoniam
1152 2813 1253 2879 fibril-

281 2965 330 3031 lae
360 2966 571 3031 exsiccatione
601 2967 671 3050 jam
702 2967 766 3032 cito
790 2989 881 3030 suam
904 2988 1078 3031 succorum
1102 2964 1253 3029 haurien-

283 3112 402 3180 dorum
423 3113 490 3178 vim
512 3113 699 3178 amittunt·
725 3112 758 3179 Si
776 3129 890 3196 autem
907 3114 1003 3179 arbor
1020 3115 1092 3199 jam
1108 3113 1252 3204 aliquan-

282 3259 359 3346 diu,
392 3279 566 3352 antequam
589 3286 701 3328 rursus
725 3262 868 3354 plantari
888 3267 1020 3355 potuit,
1043 3289 1060 3328 e
1083 3267 1252 3332 seminario

629 3357 646 3394 0

282 3410 425 3495 sublata,
444 3435 505 3479 nec
519 3413 605 3479 terra
620 3429 705 3478 tecta
717 3431 785 3497 est,
801 3416 965 3504 optimum
978 3436 1044 3478 esse
1057 3431 1195 3504 putant,
1209 3392 1247 3478 iit

281 3559 422 3676 radices
438 3582 511 3630 ante
536 3561 769 3654 plantationem
794 3566 830 3630 in
864 3590 983 3656 aquam
1013 3567 1251 3657 quinquaginta

283 3710 435 3800 quinque
461 3708 512 3778 vel
537 3713 697 3798 sexaginta
721 3711 834 3779 caloris
859 3712 977 3799 gradus
999 3715 1172 3782 habentem
1192 3715 1254 3780 im·-

281 3860 467 3944 mittantur,
493 3863 528 3926 in
550 3851 653 3954 eaque
679 3887 739 3956 per
756 3863 970 3955 quadraginta
992 3879 1130 3954 quatuor
1153 3863 1248 3930 horas

281 4009 462 4076 submersae
486 4031 646 4079 maneant.
