2890 4978
632 371 672 436 8l

171 625 203 678 ct
238 608 411 704 qualitatis.
466 605 561 691 Quod
596 606 637 672 ad
675 609 863 700 quantitatis
902 614 1129 699 mutationem,

170 758 226 825 illa
248 759 283 824 in
305 756 491 839 coexistit,
524 773 562 823 ut
588 758 679 823 succi
704 759 929 852 evaporatione
954 782 1055 881 aquae
1078 764 1133 864 mi-

172 924 338 990 nuantur,
367 921 400 972 et
434 921 540 996 partes
565 902 729 972 solidiores
750 907 786 972 in
805 905 918 998 planta
936 887 1131 1014 remapeant.
1200 951 1205 960 ·

171 1055 214 1124 dt
242 1077 320 1123 vero
353 1051 444 1144 quod
475 1050 516 1118 ad
551 1051 712 1145 qualitatis
745 1047 956 1123 mutationem
987 1045 1136 1148 spectat,

171 1201 223 1268 illa
243 1203 278 1267 in
302 1224 340 1268 eo
361 1201 524 1286 cernitur,
561 1219 598 1269 ut
623 1203 816 1293 oxygonium
843 1229 862 1268 a
891 1205 1030 1270 materiis
1060 1229 1135 1296 oxy·

168 1347 250 1416 datis
289 1347 454 1418 liberetur.
500 1346 586 1415 Illud
614 1374 674 1441 per
699 1349 821 1420 radices
848 1351 979 1420 allatum
1003 1352 1135 1420 acidum
1226 1431 1228 1438 ,

170 1498 383 1566 sorbonicum
423 1496 630 1584 dissolvitur,
668 1498 759 1594 quod
794 1503 988 1592 oxygenium
1013 1500 1136 1570 'libara-

170 1665 226 1715 tur
254 1672 272 1712 a
304 1647 476 1732 carbouio,
510 1646 601 1738 quod
627 1649 662 1713 in
680 1647 791 1739 planta
817 1647 986 1722 residuum
1006 1669 1134 1738 manet,

169 1795 214 1861 ita
230 1812 268 1861 ut
288 1795 432 1862 materiei
447 1813 656 1880 augmentum
673 1799 796 1863 arboris
818 1797 1012 1889 respondeat
1035 1825 1136 1892 quan·

172 1941 258 2007 titati
282 1940 446 2027 cerbonii,
471 1940 562 2032 quod
587 1943 622 2007 in
640 1941 733 2010 acido
757 1947 930 2042 carbonico
943 1943 1026 2012 foliis
1043 1944 1137 2013 allato

173 2089 409 2157 continebatur.
469 2089 579 2180 Atque
623 2115 728 2181 quum
770 2091 851 2158 haec
891 2093 1074 2183 evaporatio
1105 2111 1139 2160 et

159 2223 347 2302 'elaboratio
378 2259 569 2322 succorum,
599 2235 773 2323 adjuvante
798 2237 870 2306 luce
900 2259 932 2307 et
960 2239 1081 2326 calore,
1103 2243 1137 2306 in

173 2383 256 2451 foliis
291 2383 524 2476 perficiuntur,
557 2403 589 2452 et
613 2385 852 2454 incrementum
881 2390 1004 2463 arboris
1022 2391 1063 2455 ab
1088 2390 1138 2456 his

173 2532 400 2601 functionibus
421 2532 564 2625 pendet3
589 2534 707 2600 rationi
728 2535 863 2598 omnino
888 2555 1139 2602 cousentaneum

173 2699 238 2766 eat,
265 2641 468 2772 perieulum,
501 2679 592 2772 quod
627 2681 694 2748 fere
727 2704 856 2771 semper
885 2679 959 2771 plus
993 2683 1144 2784 minusve
1198 2725 1202 2734 ·

172 2853 248 2898 oum
280 2829 447 2922 plantione
468 2831 623 2896 arborum
648 2831 863 2915 conjunctum
890 2847 956 2916 est,
980 2848 1061 2898 tunc
1084 2833 1140 2897 mi-

171 2978 297 3045 nnnnrn
316 2977 405 3064 sore,
430 3003 535 3072 qutun
561 2979 658 3044 arbor
679 2977 742 3044 alio
762 2975 840 3045 loeo
864 2978 1049 3048 collocanda
1068 3004 1138 3046 suas

171 3123 295 3193 radices
332 3151 473 3220 suosque
509 3152 613 3194 ramos
655 3125 776 3194 illaesos
817 3128 1005 3213 retinuerit,
1041 3145 1141 3219 atque

149 3243 152 3253 .
173 3271 255 3339 adeo
285 3271 370 3346 soliis
393 3292 426 3342 et
452 3275 548 3342 ramis
572 3273 727 3342 abundet.

216 3421 302 3492 llius
339 3422 375 3487 in
407 3423 512 3514 patria
545 3441 654 3491 nostra
679 3425 751 3510 jam
779 3421 840 3531 diu
871 3422 1025 3488 usitatum
1056 3420 1138 3508 suit,

173 3570 354 3664 amygdalos
376 3573 517 3664 persicas
541 3575 576 3639 in
596 3572 737 3640 caldario
760 3568 966 3664 deponendas
987 3572 1031 3637 ita
1053 3571 1137 3638 effo-

172 3717 266 3808 dere,
308 3739 346 3790 ut
384 3747 483 3814 quam
517 3724 691 3789 minimum
716 3721 950 3788 detrimentum
973 3719 1137 3788 radicibus

175 3865 359 3955 afferretur,
405 3894 466 3938 nec
504 3873 587 3966 ¹rami
628 3886 885 3963 amputarentur.
957 3871 1140 3954 Quinetiam

175 4016 283 4088 edocti
307 4046 435 4107 sumus,
458 4025 514 4090 has
531 4007 667 4092 'easdem
690 4026 820 4090 arbores
845 4023 928 4091 nihil
952 4023 1141 4092 detrimenti

150 4205 170 4246 a
424 4179 428 4192 “
770 4221 775 4234 .
961 4179 980 4239 6
