2886 4992
683 377 717 441 13

213 609 304 680 tarde
325 607 541 702 proveniunt,
563 629 624 674 nec
647 631 806 702 umquam
832 609 929 678 fabris
950 611 1089 700 lignariis
1109 615 1175 682 ido-

213 786 310 830 neam
341 759 504 826 materiem
539 759 764 849 praebebunt,
799 762 926 852 quain
954 762 1088 830 officinis
1109 765 1173 830 suis

216 935 304 1000 eum,
320 909 434 978 fructu
460 923 605 976 utantur.

258 1209 462 1298 Propoqotio
495 1229 557 1297 pot·
598 1207 857 1274 submersionem
902 1205 1011 1302 locum
1056 1209 1174 1296 habet,

217 1353 350 1448 quando
383 1378 490 1422 ramus
523 1356 560 1420 in
594 1371 711 1422 terram
734 1353 941 1443 deflectitur,
964 1375 996 1424 et
1022 1375 1103 1426 tunc
1124 1358 1177 1426 de-

217 1502 301 1570 fixus
331 1504 379 1569 ibi
411 1501 501 1570 terri
531 1502 700 1589 obruitur,
731 1521 787 1590 ut,
810 1524 984 1598 postquam
996 1503 1077 1577 'satis
1098 1508 1179 1576 mul-

213 1668 259 1718 tas
282 1675 320 1716 ac
344 1649 452 1715 firmas
481 1647 605 1717 radices
641 1653 762 1738 egerit,
784 1679 802 1719 a
827 1673 928 1722 matre
954 1657 1174 1726 abscindatur.

210 1798 279 1866 lloc
309 1797 407 1866 modo
432 1815 572 1890 possunt
598 1797 734 1898 quidem
764 1803 867 1868 omnis
895 1805 1019 1890 generis
1048 1808 1176 1874 arbores

212 1949 405 2041 propagari,
435 1947 492 2014 sed
525 1945 650 2016 facilius
673 1966 780 2017 tamen
802 1950 868 2017 hoc
896 1945 935 2018 fit
954 1953 990 2017 in
1006 1950 1069 2018 illis
1090 1954 1180 2020 arbo-

210 2103 320 2188 ribus,
364 2125 506 2193 quarum
536 2109 704 2168 contextus
736 2101 843 2168 minus
880 2121 1068 2195 compactus
1103 2121 1152 2172 cst
1166 2155 1176 2191 ,
1191 2121 1207 2148 ⁸

213 2250 372 2342 qnoniam
397 2271 438 2314 ex
462 2245 625 2334 ejusmodi
654 2247 750 2313 ramis
777 2249 872 2316 citius
897 2249 1022 2319 radices
1048 2249 1181 2320 eliciun-

211 2419 276 2469 tur.
322 2399 544 2491 lleperiuntur
571 2396 651 2464 adeo
680 2399 833 2467 arborum
858 2425 991 2488 genera,
1013 2425 1097 2494 quae
1120 2400 1181 2468 hu·
1261 2449 1265 2468 .

205 2547 295 2616 midai
318 2546 510 2640 tempestate
535 2571 633 2639 supra
653 2565 790 2634 terram,
814 2549 850 2612 in
871 2547 950 2615 locis
969 2551 1028 2613 ubi
1041 2568 1178 2618 trunam

207 2722 320 2766 musco
354 2715 458 2765 tectus
503 2713 663 2788 perpetua
698 2695 764 2760 fere
806 2690 1000 2760 humiditate
1037 2693 1177 2782 fruitur,

209 2845 333 2914 radices
351 2863 464 2933 agant,
489 2843 768 2936 quemadmodum
786 2842 998 2936 praecedente
1014 2869 1115 2933 anno,
1141 2847 1177 2914 in

207 2994 357 3063 salicibus
388 2963 587 3088 praecipue¹
615 2992 726 3060 locum
749 2993 876 3061 babuit.
922 2993 1023 3081 Cujus
1051 2997 1176 3081 generis

206 3145 333 3210 arbores
367 3162 543 3236 propterea
584 3142 681 3210 etiam
713 3141 748 3205 in
783 3141 896 3232 primis
930 3139 1064 3242 idoneae
1098 3163 1177 3252 sunt

207 3288 249 3356 ad
279 3259 546 3381 propagationem
578 3277 798 3356 submersione
827 3289 1056 3382 peragendam.
1112 3247 1176 3360 Sed

207 3439 313 3510 nihilo
343 3439 447 3508 secius
485 3440 580 3506 ctiam
613 3439 672 3538 alia
700 3464 817 3527 genera
843 3443 1021 3526 arborum,
1058 3459 1096 3510 ut
1132 3445 1176 3512 ita

206 3593 333 3680 dicam,
367 3610 436 3660 arte
473 3595 546 3679 cogi
575 3611 730 3685 possunt,
766 3613 804 3662 ut
836 3592 960 3660 radices
983 3613 1098 3682 agant„
1133 3595 1174 3662 In

206 3742 403 3838 quibusdam
416 3745 488 3832 jam
504 3743 570 3812 sola
589 3768 752 3812 ramorum
771 3742 867 3810 flexio
883 3741 1008 3812 adhoc
1028 3747 1174 3812 obtinen-

209 3893 290 3961 dum
316 3894 456 3981 sufficit3
481 3895 517 3962 in
544 3891 611 3960 aliis
638 3912 694 3962 aut
720 3893 902 3961 instituitur
923 3869 1045 3964 'incisio
1074 3919 1175 3962 annu-

209 4041 299 4131 laris,
329 4064 386 4146 aut
410 4046 562 4140 cingitur·
579 4069 686 4114 ramus
716 4041 772 4115 filo
794 4040 922 4138 scrrao,
954 4045 1081 4136 quippe
1106 4065 1173 4135 quo
