2886 4992
761 309 804 374 tt

289 643 292 648 ,
347 545 490 640 Septimo
514 549 600 638 loro,
624 549 778 640 quoniam
804 519 1024 638 arbusculas?
1033 557 1271 629 transvehendo

308 699 344 764 in
367 696 467 764 alium
486 720 527 764 ex
546 695 607 764 alio
626 695 715 782 loeo,
737 695 935 790 plerumque
955 699 1030 791 plus
1051 707 1197 776 minusve
1216 708 1278 778 lae·

300 846 446 932 duntur,
477 843 570 917 saoile
592 843 767 930 intelligere
790 812 982 938 possumus,
1006 849 1070 918 hoc
1087 856 1274 945 perieulum

308 1019 376 1066 non
396 1013 524 1062 tantum
541 1017 607 1062 esse
626 995 662 1060 in
676 996 866 1084 arboribus,
887 1023 967 1092 quas
980 1025 998 1067 e
1010 1003 1185 1072 seminariis
1204 1032 1276 1076 nos·

306 1144 366 1212 tris
386 1141 615 1230 desumimus,
638 1167 738 1236 quam
761 1146 796 1214 in
811 1145 893 1234 illis,
911 1173 996 1242 quae
1015 1150 1139 1222 inlotis
1152 1155 1272 1246 procul

306 1321 325 1360 a
341 1291 424 1361 villis
445 1294 564 1362 nostris
584 1315 837 1386 succreverunt,
865 1317 898 1370 et
919 1299 961 1368 ad
977 1325 1036 1370 nos
1049 1325 1272 1394 pervenerunt

299 1443 446 1512 vertunt}

345 1595 439 1664 Tunc
460 1595 549 1662 enim
577 1596 702 1688 saepius
728 1616 867 1688 possunt
887 1599 1097 1706 arbussolas,
1128 1601 1196 1668 aliis
1235 1605 1270 1698 in

298 1743 376 1817 loeis
398 1743 631 1838 deponendus,
653 1742 746 1812 facile
767 1767 832 1824 una
856 1767 931 1822 eum
948 1745 1040 1832 gleba
1059 1745 1160 1815 effodi
1177 1767 1210 1818 et
1233 1751 1269 1816 in
1305 1774 1307 1778 ’

299 1897 410 1967 locum
431 1895 627 1964 destinatum
647 1893 871 1985 transportari.
916 1893 989 1980 Quo
1008 1895 1065 1984 lit,
1086 1915 1125 1965 ut
1143 1896 1269 1968 radioes

298 2069 389 2110 suam
407 2043 604 2136 positionem
618 2041 800 2128 retineant,
823 2065 887 2111 neo
905 2059 972 2112 tarn
987 2045 1122 2112 oitoaut
1144 2044 1274 2112 laedan-

298 2211 374 2278 tur,
412 2208 469 2258 aut
500 2212 614 2258 suetos
646 2213 721 2258 suos
751 2191 910 2264 amittant.
965 2192 1175 2276 Qnisautem
1198 2216 1268 2265 non

292 2339 415 2422 videat,
450 2339 478 2405 si
514 2339 579 2404 hoo
613 2336 788 2424 diligenter
816 2338 1111 2427 animadvertatur,
1139 2337 1270 2412 arbores

293 2487 556 2583 transplantatas·
577 2489 672 2557 eitius
702 2489 998 2582 comprehendere,
1032 2513 1094 2562 nae
1118 2494 1155 2558 in
1186 2517 1272 2562 eres-

297 2637 403 2706 oendo
432 2635 575 2704 multum
607 2635 788 2705 retardari?
832 2636 919 2722 Quin
945 2638 1061 2725 etiam,
1083 2640 1112 2706 si
1137 2641 1268 2734 arbores

292 2789 361 2854 sine
393 2785 495 2872 glebis
520 2785 742 2873 effodiuntur,
765 2803 874 2854 tamen
895 2788 1016 2855 minori
1044 2787 1191 2882 periculo
1213 2812 1267 2858 ex·

294 2937 418 3032 positae
435 2952 513 3005 sunt
532 2933 620 3022 illae,
644 2959 728 3028 quae
747 2959 765 3004 e
781 2937 924 3030 propriis
939 2938 1116 3004 seminariis
1131 2961 1266 3006 sumun-

290 3105 358 3154 tur.
404 3083 509 3152 Lotus
525 3083 666 3150 enimin
687 3084 879 3180 propinquo
896 3103 965 3170 est,
987 3103 1020 3153 et
1034 3088 1267 3180 transportatio

292 3260 422 3330 semper
462 3235 523 3301 sub
553 3207 709 3302 ‘enodis
741 3233 867 3302 domini
899 3233 971 3302 fieri
1002 3254 1123 3329 potest.
1173 3234 1292 3330 llud

291 3388 386 3474 longa
414 3387 514 3462 aliter
550 3409 618 3454 sese
650 3385 750 3453 habet
790 3387 826 3450 in
863 3385 985 3478 plantis
1022 3389 1133 3480 pretio
1163 3411 1263 3478 para-

294 3539 355 3622 tis,
388 3561 530 3627 quarum
561 3533 810 3628 transplantatio
837 3530 1039 3629 relinquitur
1062 3534 1268 3621 hominihus,

291 3707 577 3778 quorum-parum
599 3687 751 3770 interest,
781 3702 896 3753 utrum
918 3687 1049 3791 arbores
1076 3685 1216 3752 intactae
1236 3704 1270 3754 et

290 3837 412 3906 illaesae
428 3855 596 3924 maneant,
620 3861 662 3904 an
676 3859 752 3906 vero
769 3822 1023 3928 corrumpentur
1040 3852 1073 3904 et
1086 3833 1266 3902 laedantur.
1330 3815 1344 3826 ²

330 3988 586 4078 Nonnumquam
615 3989 709 4058 etiam
740 3986 929 4059 arbusculae
962 4011 981 4053 e
1014 3986 1197 4080 longinquo
1226 3985 1265 4054 ad
