<?xml version="1.0" encoding="UTF-8"?>
<!DOCTYPE html PUBLIC "-//W3C//DTD XHTML 1.0 Transitional//EN"
    "http://www.w3.org/TR/xhtml1/DTD/xhtml1-transitional.dtd">
<html xmlns="http://www.w3.org/1999/xhtml" xml:lang="en" lang="en">
 <head>
  <title>
</title>
<meta http-equiv="Content-Type" content="text/html;charset=utf-8" />
  <meta name='ocr-system' content='tesseract 3.04.00' />
  <meta name='ocr-capabilities' content='ocr_page ocr_carea ocr_par ocr_line ocrx_word'/>
</head>
<body>
  <div class='ocr_page' id='page_1' title='image "./dissertatiooeco00wttegoog_0058.png"; bbox 0 0 2886 4992; ppageno 0'>
   <div class='ocr_carea' id='block_1_1' title="bbox 285 641 1266 2236">
    <p class='ocr_par' dir='ltr' id='par_1_1' title="bbox 285 641 1266 2236">
     <span class='ocr_line' id='line_1_1' title="bbox 285 641 1248 739; baseline -0.004 -24"><span class='ocrx_word' id='word_1_1' title='bbox 285 665 391 716; x_wconf 87' lang='lat' dir='ltr'><strong>menta</strong></span> <span class='ocrx_word' id='word_1_2' title='bbox 425 647 621 739; x_wconf 77' lang='lat' dir='ltr'><strong>percipient.</strong></span> <span class='ocrx_word' id='word_1_3' title='bbox 680 645 782 729; x_wconf 79' lang='lat' dir='ltr'><strong>Quam</strong></span> <span class='ocrx_word' id='word_1_4' title='bbox 820 643 965 734; x_wconf 86' lang='lat' dir='ltr'><strong>primum</strong></span> <span class='ocrx_word' id='word_1_5' title='bbox 1000 643 1089 709; x_wconf 90' lang='lat' dir='ltr'><strong>enim</strong></span> <span class='ocrx_word' id='word_1_6' title='bbox 1126 641 1248 736; x_wconf 81' lang='lat' dir='ltr'>aliquot</span> 
     </span>
     <span class='ocr_line' id='line_1_2' title="bbox 288 791 1255 879; baseline -0.007 -11"><span class='ocrx_word' id='word_1_7' title='bbox 288 798 478 868; x_wconf 83' lang='lat' dir='ltr'><strong>arbusculae</strong></span> <span class='ocrx_word' id='word_1_8' title='bbox 504 799 538 862; x_wconf 93' lang='lat' dir='ltr'><strong>in</strong></span> <span class='ocrx_word' id='word_1_9' title='bbox 565 795 640 861; x_wconf 92' lang='lat' dir='ltr'><strong>loco</strong></span> <span class='ocrx_word' id='word_1_10' title='bbox 666 791 804 860; x_wconf 87' lang='lat' dir='ltr'><strong>delinito</strong></span> <span class='ocrx_word' id='word_1_11' title='bbox 822 793 950 879; x_wconf 87' lang='lat' dir='ltr'><strong>justum</strong></span> <span class='ocrx_word' id='word_1_12' title='bbox 972 814 1148 859; x_wconf 88' lang='lat' dir='ltr'><strong>nnmerum</strong></span> <span class='ocrx_word' id='word_1_13' title='bbox 1168 817 1255 861; x_wconf 81' lang='lat' dir='ltr'><strong>erce·</strong></span> 
     </span>
     <span class='ocr_line' id='line_1_3' title="bbox 294 937 1257 1038; baseline -0.01 -18"><span class='ocrx_word' id='word_1_14' title='bbox 294 951 395 1038; x_wconf 88' lang='lat' dir='ltr'><strong>dunt,</strong></span> <span class='ocrx_word' id='word_1_15' title='bbox 418 970 526 1016; x_wconf 90' lang='lat' dir='ltr'><strong>omnes</strong></span> <span class='ocrx_word' id='word_1_16' title='bbox 553 945 627 1011; x_wconf 90' lang='lat' dir='ltr'><strong>ideo</strong></span> <span class='ocrx_word' id='word_1_17' title='bbox 654 942 888 1015; x_wconf 76' lang='lat' dir='ltr'><strong>detrimentum</strong></span> <span class='ocrx_word' id='word_1_18' title='bbox 915 937 1082 1034; x_wconf 79' lang='lat' dir='ltr'><strong>quoddam</strong></span> <span class='ocrx_word' id='word_1_19' title='bbox 1109 943 1257 1032; x_wconf 84' lang='lat' dir='ltr'><strong>capiant,</strong></span> 
     </span>
     <span class='ocr_line' id='line_1_4' title="bbox 293 1090 1256 1178; baseline -0.016 -8"><span class='ocrx_word' id='word_1_20' title='bbox 293 1102 383 1170; x_wconf 87' lang='lat' dir='ltr'><strong>etin</strong></span> <span class='ocrx_word' id='word_1_21' title='bbox 417 1093 594 1166; x_wconf 86' lang='lat' dir='ltr'><strong>crescendo</strong></span> <span class='ocrx_word' id='word_1_22' title='bbox 618 1091 843 1178; x_wconf 78' lang='lat' dir='ltr'><strong>retardentur,</strong></span> <span class='ocrx_word' id='word_1_23' title='bbox 874 1113 1004 1158; x_wconf 86' lang='lat' dir='ltr'><strong>necesse</strong></span> <span class='ocrx_word' id='word_1_24' title='bbox 1027 1108 1087 1159; x_wconf 89' lang='lat' dir='ltr'><strong>est.</strong></span> <span class='ocrx_word' id='word_1_25' title='bbox 1132 1090 1256 1176; x_wconf 83' lang='lat' dir='ltr'><strong>Quam-</strong></span> 
     </span>
     <span class='ocr_line' id='line_1_5' title="bbox 291 1239 1252 1335; baseline -0.016 -15"><span class='ocrx_word' id='word_1_26' title='bbox 291 1251 340 1320; x_wconf 81' lang='lat' dir='ltr'><strong>vis</strong></span> <span class='ocrx_word' id='word_1_27' title='bbox 374 1267 479 1316; x_wconf 90' lang='lat' dir='ltr'><strong>autem</strong></span> <span class='ocrx_word' id='word_1_28' title='bbox 513 1245 588 1330; x_wconf 88' lang='lat' dir='ltr'><strong>fiat,</strong></span> <span class='ocrx_word' id='word_1_29' title='bbox 623 1261 661 1312; x_wconf 88' lang='lat' dir='ltr'><strong>ut</strong></span> <span class='ocrx_word' id='word_1_30' title='bbox 699 1239 859 1335; x_wconf 88' lang='lat' dir='ltr'><strong>quaedam</strong></span> <span class='ocrx_word' id='word_1_31' title='bbox 893 1264 971 1332; x_wconf 85' lang='lat' dir='ltr'><strong>prae</strong></span> <span class='ocrx_word' id='word_1_32' title='bbox 1007 1240 1138 1308; x_wconf 89' lang='lat' dir='ltr'><strong>caeteris</strong></span> <span class='ocrx_word' id='word_1_33' title='bbox 1169 1239 1252 1306; x_wconf 90' lang='lat' dir='ltr'><strong>emi-</strong></span> 
     </span>
     <span class='ocr_line' id='line_1_6' title="bbox 292 1391 1257 1493; baseline -0.012 -25"><span class='ocrx_word' id='word_1_34' title='bbox 292 1417 390 1468; x_wconf 87' lang='lat' dir='ltr'><strong>neant</strong></span> <span class='ocrx_word' id='word_1_35' title='bbox 418 1395 612 1493; x_wconf 69' lang='lat' dir='ltr'><strong>crescendo,</strong></span> <span class='ocrx_word' id='word_1_36' title='bbox 645 1412 752 1462; x_wconf 83' lang='lat' dir='ltr'><strong>tamen</strong></span> <span class='ocrx_word' id='word_1_37' title='bbox 783 1391 931 1484; x_wconf 86' lang='lat' dir='ltr'><strong>reliquae</strong></span> <span class='ocrx_word' id='word_1_38' title='bbox 955 1415 993 1460; x_wconf 88' lang='lat' dir='ltr'><strong>eo</strong></span> <span class='ocrx_word' id='word_1_39' title='bbox 1013 1391 1112 1479; x_wconf 81' lang='lat' dir='ltr'><strong>magia</strong></span> <span class='ocrx_word' id='word_1_40' title='bbox 1129 1391 1257 1458; x_wconf 86' lang='lat' dir='ltr'><strong>retine-</strong></span> 
     </span>
     <span class='ocr_line' id='line_1_7' title="bbox 290 1506 1256 1636; baseline -0.009 -21"><span class='ocrx_word' id='word_1_41' title='bbox 290 1506 456 1632; x_wconf 37' lang='grc' dir='ltr'><strong>Ιιιιιιῑιιι]Ι</strong></span> <span class='ocrx_word' id='word_1_42' title='bbox 474 1563 507 1612; x_wconf 88' lang='lat' dir='ltr'><strong>et</strong></span> <span class='ocrx_word' id='word_1_43' title='bbox 544 1546 629 1636; x_wconf 86' lang='lat' dir='ltr'><strong>ipsas</strong></span> <span class='ocrx_word' id='word_1_44' title='bbox 663 1541 860 1610; x_wconf 80' lang='lat' dir='ltr'><strong>robustiores</strong></span> <span class='ocrx_word' id='word_1_45' title='bbox 894 1541 1074 1631; x_wconf 88' lang='lat' dir='ltr'><strong>privabunt</strong></span> <span class='ocrx_word' id='word_1_46' title='bbox 1104 1563 1256 1608; x_wconf 89' lang='lat' dir='ltr'><strong>necessa-</strong></span> 
     </span>
     <span class='ocr_line' id='line_1_8' title="bbox 292 1674 1258 1784; baseline -0.011 -18"><span class='ocrx_word' id='word_1_47' title='bbox 292 1699 349 1766; x_wconf 85' lang='lat' dir='ltr'><strong>riis</strong></span> <span class='ocrx_word' id='word_1_48' title='bbox 385 1695 612 1780; x_wconf 83' lang='lat' dir='ltr'><strong>nutrimentis,</strong></span> <span class='ocrx_word' id='word_1_49' title='bbox 643 1711 742 1784; x_wconf 87' lang='lat' dir='ltr'><strong>atque</strong></span> <span class='ocrx_word' id='word_1_50' title='bbox 776 1691 825 1757; x_wconf 90' lang='lat' dir='ltr'><strong>sic</strong></span> <span class='ocrx_word' id='word_1_51' title='bbox 860 1687 912 1754; x_wconf 90' lang='lat' dir='ltr'><strong>his</strong></span> <span class='ocrx_word' id='word_1_52' title='bbox 947 1674 1044 1755; x_wconf 85' lang='lat' dir='ltr'><strong>etiarn</strong></span> <span class='ocrx_word' id='word_1_53' title='bbox 1078 1689 1258 1755; x_wconf 87' lang='lat' dir='ltr'><strong>nocebunt.</strong></span> 
     </span>
     <span class='ocr_line' id='line_1_9' title="bbox 296 1833 1266 1936; baseline -0.016 -18"><span class='ocrx_word' id='word_1_54' title='bbox 296 1849 457 1936; x_wconf 78' lang='lat' dir='ltr'><strong>Quocirca</strong></span> <span class='ocrx_word' id='word_1_55' title='bbox 482 1843 697 1914; x_wconf 88' lang='lat' dir='ltr'><strong>necessarium</strong></span> <span class='ocrx_word' id='word_1_56' title='bbox 716 1856 786 1926; x_wconf 88' lang='lat' dir='ltr'><strong>est,</strong></span> <span class='ocrx_word' id='word_1_57' title='bbox 817 1837 912 1905; x_wconf 90' lang='lat' dir='ltr'><strong>utin</strong></span> <span class='ocrx_word' id='word_1_58' title='bbox 937 1835 993 1904; x_wconf 87' lang='lat' dir='ltr'><strong>tali</strong></span> <span class='ocrx_word' id='word_1_59' title='bbox 1016 1859 1112 1904; x_wconf 85' lang='lat' dir='ltr'><strong>causa</strong></span> <span class='ocrx_word' id='word_1_60' title='bbox 1132 1833 1266 1903; x_wconf 90' lang='lat' dir='ltr'><strong>debilio-</strong></span> 
     </span>
     <span class='ocr_line' id='line_1_10' title="bbox 297 1969 1264 2072; baseline -0.014 -6"><span class='ocrx_word' id='word_1_61' title='bbox 297 2021 350 2066; x_wconf 89' lang='lat' dir='ltr'><strong>res</strong></span> <span class='ocrx_word' id='word_1_62' title='bbox 381 1998 446 2063; x_wconf 92' lang='lat' dir='ltr'><strong>cito</strong></span> <span class='ocrx_word' id='word_1_63' title='bbox 471 1991 684 2072; x_wconf 86' lang='lat' dir='ltr'><strong>effodiantur,</strong></span> <span class='ocrx_word' id='word_1_64' title='bbox 719 2003 775 2052; x_wconf 87' lang='lat' dir='ltr'><strong>aut</strong></span> <span class='ocrx_word' id='word_1_65' title='bbox 807 2007 918 2052; x_wconf 89' lang='lat' dir='ltr'><strong>omnes</strong></span> <span class='ocrx_word' id='word_1_66' title='bbox 950 1985 986 2050; x_wconf 88' lang='lat' dir='ltr'><strong>in</strong></span> <span class='ocrx_word' id='word_1_67' title='bbox 1020 1982 1119 2050; x_wconf 86' lang='lat' dir='ltr'><strong>elium</strong></span> <span class='ocrx_word' id='word_1_68' title='bbox 1153 1969 1264 2052; x_wconf 86' lang='lat' dir='ltr'><strong>locum</strong></span> 
     </span>
     <span class='ocr_line' id='line_1_11' title="bbox 294 2131 1265 2236; baseline -0.015 -20"><span class='ocrx_word' id='word_1_69' title='bbox 294 2141 584 2236; x_wconf 70' lang='lat' dir='ltr'><strong>uansplantentur.</strong></span> <span class='ocrx_word' id='word_1_70' title='bbox 628 2137 687 2206; x_wconf 90' lang='lat' dir='ltr'><strong>Sin</strong></span> <span class='ocrx_word' id='word_1_71' title='bbox 710 2152 819 2203; x_wconf 89' lang='lat' dir='ltr'><strong>autem</strong></span> <span class='ocrx_word' id='word_1_72' title='bbox 838 2134 903 2201; x_wconf 89' lang='lat' dir='ltr'><strong>hoo</strong></span> <span class='ocrx_word' id='word_1_73' title='bbox 922 2157 981 2202; x_wconf 86' lang='lat' dir='ltr'><strong>suo</strong></span> <span class='ocrx_word' id='word_1_74' title='bbox 994 2149 1141 2226; x_wconf 89' lang='lat' dir='ltr'><strong>tempore</strong></span> <span class='ocrx_word' id='word_1_75' title='bbox 1152 2131 1265 2201; x_wconf 80' lang='lat' dir='ltr'><strong>locam</strong></span> 
     </span>
    </p>
   </div>
   <div class='ocr_carea' id='block_1_2' title="bbox 296 2279 1268 2377">
    <p class='ocr_par' dir='ltr' id='par_1_2' title="bbox 296 2279 1268 2377">
     <span class='ocr_line' id='line_1_12' title="bbox 296 2279 1268 2377; baseline -0.011 -17"><span class='ocrx_word' id='word_1_76' title='bbox 296 2317 365 2360; x_wconf 89' lang='lat' dir='ltr'><strong>non</strong></span> <span class='ocrx_word' id='word_1_77' title='bbox 376 2288 509 2374; x_wconf 87' lang='lat' dir='ltr'><strong>habuit,</strong></span> <span class='ocrx_word' id='word_1_78' title='bbox 531 2305 613 2354; x_wconf 90' lang='lat' dir='ltr'><strong>tunc</strong></span> <span class='ocrx_word' id='word_1_79' title='bbox 626 2285 663 2352; x_wconf 93' lang='lat' dir='ltr'><strong>in</strong></span> <span class='ocrx_word' id='word_1_80' title='bbox 676 2297 847 2377; x_wconf 81' lang='lat' dir='ltr'><strong>posterum</strong></span> <span class='ocrx_word' id='word_1_81' title='bbox 859 2281 1061 2370; x_wconf 85' lang='lat' dir='ltr'><strong>videbimus,</strong></span> <span class='ocrx_word' id='word_1_82' title='bbox 1074 2279 1146 2350; x_wconf 89' lang='lat' dir='ltr'><strong>illas</strong></span> <span class='ocrx_word' id='word_1_83' title='bbox 1159 2283 1268 2350; x_wconf 89' lang='lat' dir='ltr'><strong>arbus-</strong></span> 
     </span>
    </p>
   </div>
   <div class='ocr_carea' id='block_1_3' title="bbox 303 2419 1268 2526">
    <p class='ocr_par' dir='ltr' id='par_1_3' title="bbox 303 2419 1268 2526">
     <span class='ocr_line' id='line_1_13' title="bbox 303 2419 1268 2526; baseline -0.006 -20"><span class='ocrx_word' id='word_1_84' title='bbox 303 2436 390 2507; x_wconf 90' lang='lat' dir='ltr'><strong>cnlas</strong></span> <span class='ocrx_word' id='word_1_85' title='bbox 411 2436 531 2502; x_wconf 90' lang='lat' dir='ltr'><strong>babere</strong></span> <span class='ocrx_word' id='word_1_86' title='bbox 549 2419 668 2526; x_wconf 75' lang='lat' dir='ltr'><strong>paucas</strong></span> <span class='ocrx_word' id='word_1_87' title='bbox 689 2429 834 2518; x_wconf 81' lang='lat' dir='ltr'><strong>radices,</strong></span> <span class='ocrx_word' id='word_1_88' title='bbox 857 2431 973 2498; x_wconf 87' lang='lat' dir='ltr'><strong>durius</strong></span> <span class='ocrx_word' id='word_1_89' title='bbox 988 2431 1135 2518; x_wconf 82' lang='lat' dir='ltr'><strong>lignum,</strong></span> <span class='ocrx_word' id='word_1_90' title='bbox 1155 2434 1268 2501; x_wconf 77' lang='lat' dir='ltr'><strong>breves</strong></span> 
     </span>
    </p>
   </div>
   <div class='ocr_carea' id='block_1_4' title="bbox 281 2577 1307 4034">
    <p class='ocr_par' dir='ltr' id='par_1_4' title="bbox 281 2577 1307 4034">
     <span class='ocr_line' id='line_1_14' title="bbox 301 2577 1267 2672; baseline -0.008 -18"><span class='ocrx_word' id='word_1_91' title='bbox 301 2603 334 2655; x_wconf 88' lang='lat' dir='ltr'><strong>et</strong></span> <span class='ocrx_word' id='word_1_92' title='bbox 354 2585 454 2652; x_wconf 87' lang='lat' dir='ltr'><strong>flexos</strong></span> <span class='ocrx_word' id='word_1_93' title='bbox 473 2605 598 2668; x_wconf 90' lang='lat' dir='ltr'><strong>ramos,</strong></span> <span class='ocrx_word' id='word_1_94' title='bbox 626 2605 726 2672; x_wconf 84' lang='lat' dir='ltr'><strong>parva</strong></span> <span class='ocrx_word' id='word_1_95' title='bbox 750 2577 826 2648; x_wconf 86' lang='lat' dir='ltr'><strong>lolia</strong></span> <span class='ocrx_word' id='word_1_96' title='bbox 845 2597 879 2649; x_wconf 88' lang='lat' dir='ltr'><strong>et</strong></span> <span class='ocrx_word' id='word_1_97' title='bbox 903 2577 1059 2648; x_wconf 84' lang='lat' dir='ltr'><strong>corticem</strong></span> <span class='ocrx_word' id='word_1_98' title='bbox 1084 2579 1149 2658; x_wconf 78' lang='lat' dir='ltr'><strong>cito</strong></span> <span class='ocrx_word' id='word_1_99' title='bbox 1171 2579 1267 2646; x_wconf 88' lang='lat' dir='ltr'><strong>rimas</strong></span> 
     </span>
     <span class='ocr_line' id='line_1_15' title="bbox 298 2727 1267 2820; baseline -0.005 -19"><span class='ocrx_word' id='word_1_100' title='bbox 298 2751 444 2820; x_wconf 82' lang='lat' dir='ltr'><strong>agentem</strong></span> <span class='ocrx_word' id='word_1_101' title='bbox 463 2755 525 2798; x_wconf 87' lang='lat' dir='ltr'><strong>nec</strong></span> <span class='ocrx_word' id='word_1_102' title='bbox 538 2752 612 2796; x_wconf 85' lang='lat' dir='ltr'><strong>raro</strong></span> <span class='ocrx_word' id='word_1_103' title='bbox 626 2729 794 2798; x_wconf 85' lang='lat' dir='ltr'><strong>obtectum</strong></span> <span class='ocrx_word' id='word_1_104' title='bbox 810 2751 933 2796; x_wconf 86' lang='lat' dir='ltr'><strong>musco.</strong></span> <span class='ocrx_word' id='word_1_105' title='bbox 979 2727 1065 2813; x_wconf 80' lang='lat' dir='ltr'><strong>Quae</strong></span> <span class='ocrx_word' id='word_1_106' title='bbox 1078 2729 1185 2809; x_wconf 82' lang='lat' dir='ltr'><strong>omnia</strong></span> <span class='ocrx_word' id='word_1_107' title='bbox 1197 2730 1267 2796; x_wconf 88' lang='lat' dir='ltr'><strong>tris·</strong></span> 
     </span>
     <span class='ocr_line' id='line_1_16' title="bbox 303 2869 1270 2967; baseline -0.006 -15"><span class='ocrx_word' id='word_1_108' title='bbox 303 2883 393 2952; x_wconf 90' lang='lat' dir='ltr'><strong>tioris</strong></span> <span class='ocrx_word' id='word_1_109' title='bbox 418 2869 614 2949; x_wconf 84' lang='lat' dir='ltr'><strong>conditionis</strong></span> <span class='ocrx_word' id='word_1_110' title='bbox 632 2881 723 2967; x_wconf 81' lang='lat' dir='ltr'><strong>signa</strong></span> <span class='ocrx_word' id='word_1_111' title='bbox 742 2897 832 2948; x_wconf 85' lang='lat' dir='ltr'><strong>sunt.</strong></span> <span class='ocrx_word' id='word_1_112' title='bbox 877 2881 1042 2949; x_wconf 88' lang='lat' dir='ltr'><strong>Praeterea</strong></span> <span class='ocrx_word' id='word_1_113' title='bbox 1061 2879 1190 2948; x_wconf 88' lang='lat' dir='ltr'><strong>eaedem</strong></span> <span class='ocrx_word' id='word_1_114' title='bbox 1209 2879 1270 2947; x_wconf 86' lang='lat' dir='ltr'><strong>bae</strong></span> 
     </span>
     <span class='ocr_line' id='line_1_17' title="bbox 304 3025 1272 3121; baseline -0.002 -21"><span class='ocrx_word' id='word_1_115' title='bbox 304 3056 322 3100; x_wconf 90' lang='lat' dir='ltr'><strong>e</strong></span> <span class='ocrx_word' id='word_1_116' title='bbox 354 3029 531 3098; x_wconf 89' lang='lat' dir='ltr'><strong>seminariis</strong></span> <span class='ocrx_word' id='word_1_117' title='bbox 561 3025 703 3095; x_wconf 86' lang='lat' dir='ltr'><strong>sublatae</strong></span> <span class='ocrx_word' id='word_1_118' title='bbox 735 3025 943 3114; x_wconf 88' lang='lat' dir='ltr'><strong>arbusculae,</strong></span> <span class='ocrx_word' id='word_1_119' title='bbox 979 3046 1055 3121; x_wconf 86' lang='lat' dir='ltr'><strong>post</strong></span> <span class='ocrx_word' id='word_1_120' title='bbox 1094 3027 1272 3097; x_wconf 84' lang='lat' dir='ltr'><strong>translatio·</strong></span> 
     </span>
     <span class='ocr_line' id='line_1_18' title="bbox 304 3174 1272 3263; baseline 0 -17"><span class='ocrx_word' id='word_1_121' title='bbox 304 3201 381 3246; x_wconf 90' lang='lat' dir='ltr'><strong>nem</strong></span> <span class='ocrx_word' id='word_1_122' title='bbox 407 3201 497 3243; x_wconf 86' lang='lat' dir='ltr'><strong>suam</strong></span> <span class='ocrx_word' id='word_1_123' title='bbox 529 3175 566 3241; x_wconf 91' lang='lat' dir='ltr'><strong>in</strong></span> <span class='ocrx_word' id='word_1_124' title='bbox 603 3175 697 3242; x_wconf 85' lang='lat' dir='ltr'><strong>eliam</strong></span> <span class='ocrx_word' id='word_1_125' title='bbox 724 3193 859 3263; x_wconf 85' lang='lat' dir='ltr'><strong>terram,</strong></span> <span class='ocrx_word' id='word_1_126' title='bbox 882 3174 992 3244; x_wconf 90' lang='lat' dir='ltr'><strong>adbuc</strong></span> <span class='ocrx_word' id='word_1_127' title='bbox 1018 3175 1079 3242; x_wconf 91' lang='lat' dir='ltr'><strong>diu</strong></span> <span class='ocrx_word' id='word_1_128' title='bbox 1097 3175 1272 3248; x_wconf 85' lang='lat' dir='ltr'><strong>lentissime</strong></span> 
     </span>
     <span class='ocr_line' id='line_1_19' title="bbox 304 3323 1271 3420; baseline 0.002 -26"><span class='ocrx_word' id='word_1_129' title='bbox 304 3342 522 3395; x_wconf 83' lang='lat' dir='ltr'><strong>succrescent.</strong></span> <span class='ocrx_word' id='word_1_130' title='bbox 559 3323 668 3418; x_wconf 74' lang='lat' dir='ltr'><strong>Atque</strong></span> <span class='ocrx_word' id='word_1_131' title='bbox 681 3323 746 3394; x_wconf 87' lang='lat' dir='ltr'><strong>boc</strong></span> <span class='ocrx_word' id='word_1_132' title='bbox 760 3327 814 3396; x_wconf 85' lang='lat' dir='ltr'><strong>vix</strong></span> <span class='ocrx_word' id='word_1_133' title='bbox 834 3323 927 3395; x_wconf 88' lang='lat' dir='ltr'><strong>aliter</strong></span> <span class='ocrx_word' id='word_1_134' title='bbox 948 3325 1020 3395; x_wconf 88' lang='lat' dir='ltr'><strong>lieri</strong></span> <span class='ocrx_word' id='word_1_135' title='bbox 1038 3346 1157 3420; x_wconf 86' lang='lat' dir='ltr'><strong>potest.</strong></span> <span class='ocrx_word' id='word_1_136' title='bbox 1192 3327 1271 3396; x_wconf 84' lang='lat' dir='ltr'><strong>Nam</strong></span> 
     </span>
     <span class='ocr_line' id='line_1_20' title="bbox 303 3455 1284 3569; baseline 0.004 -29"><span class='ocrx_word' id='word_1_137' title='bbox 303 3473 465 3562; x_wconf 84' lang='lat' dir='ltr'><strong>ejusmodi</strong></span> <span class='ocrx_word' id='word_1_138' title='bbox 477 3471 666 3541; x_wconf 85' lang='lat' dir='ltr'><strong>arbusculae</strong></span> <span class='ocrx_word' id='word_1_139' title='bbox 687 3474 810 3540; x_wconf 85' lang='lat' dir='ltr'><strong>habent</strong></span> <span class='ocrx_word' id='word_1_140' title='bbox 827 3471 1007 3543; x_wconf 87' lang='lat' dir='ltr'><strong>admodum</strong></span> <span class='ocrx_word' id='word_1_141' title='bbox 1027 3500 1149 3569; x_wconf 87' lang='lat' dir='ltr'><strong>pancos</strong></span> <span class='ocrx_word' id='word_1_142' title='bbox 1165 3455 1284 3544; x_wconf 34' lang='lat' dir='ltr'><strong>ramos*</strong></span> 
     </span>
     <span class='ocr_line' id='line_1_21' title="bbox 281 3621 1273 3716; baseline -0.001 -24"><span class='ocrx_word' id='word_1_143' title='bbox 281 3641 337 3696; x_wconf 84' lang='lat' dir='ltr'><strong>,ot</strong></span> <span class='ocrx_word' id='word_1_144' title='bbox 363 3647 482 3716; x_wconf 86' lang='lat' dir='ltr'><strong>paucas</strong></span> <span class='ocrx_word' id='word_1_145' title='bbox 513 3623 659 3708; x_wconf 87' lang='lat' dir='ltr'><strong>radices,</strong></span> <span class='ocrx_word' id='word_1_146' title='bbox 693 3621 821 3714; x_wconf 84' lang='lat' dir='ltr'><strong>quippe</strong></span> <span class='ocrx_word' id='word_1_147' title='bbox 857 3623 950 3715; x_wconf 87' lang='lat' dir='ltr'><strong>quod</strong></span> <span class='ocrx_word' id='word_1_148' title='bbox 982 3623 1130 3692; x_wconf 89' lang='lat' dir='ltr'><strong>radicu&#39;m</strong></span> <span class='ocrx_word' id='word_1_149' title='bbox 1169 3626 1273 3713; x_wconf 87' lang='lat' dir='ltr'><strong>major</strong></span> 
     </span>
     <span class='ocr_line' id='line_1_22' title="bbox 301 3771 1271 3884; baseline 0.004 -46"><span class='ocrx_word' id='word_1_150' title='bbox 301 3773 451 3884; x_wconf 66' lang='lat' dir='ltr'><strong>minorve</strong></span> <span class='ocrx_word' id='word_1_151' title='bbox 481 3771 658 3842; x_wconf 88' lang='lat' dir='ltr'><strong>multitudo</strong></span> <span class='ocrx_word' id='word_1_152' title='bbox 683 3795 701 3838; x_wconf 92' lang='lat' dir='ltr'><strong>e</strong></span> <span class='ocrx_word' id='word_1_153' title='bbox 728 3771 850 3858; x_wconf 87' lang='lat' dir='ltr'><strong>majore</strong></span> <span class='ocrx_word' id='word_1_154' title='bbox 875 3771 926 3842; x_wconf 87' lang='lat' dir='ltr'><strong>vel</strong></span> <span class='ocrx_word' id='word_1_155' title='bbox 954 3773 1080 3840; x_wconf 90' lang='lat' dir='ltr'><strong>minore</strong></span> <span class='ocrx_word' id='word_1_156' title='bbox 1105 3797 1271 3842; x_wconf 87' lang='lat' dir='ltr'><strong>ramorum</strong></span> 
     </span>
     <span class='ocr_line' id='line_1_23' title="bbox 302 3919 1307 4034; baseline -0.001 -42"><span class='ocrx_word' id='word_1_157' title='bbox 302 3919 486 4015; x_wconf 82' lang='lat' dir='ltr'><strong>frequentia</strong></span> <span class='ocrx_word' id='word_1_158' title='bbox 519 3921 654 4014; x_wconf 87' lang='lat' dir='ltr'><strong>pendet.</strong></span> <span class='ocrx_word' id='word_1_159' title='bbox 713 3919 763 3988; x_wconf 93' lang='lat' dir='ltr'><strong>0b</strong></span> <span class='ocrx_word' id='word_1_160' title='bbox 792 3923 989 4012; x_wconf 86' lang='lat' dir='ltr'><strong>paucitatem</strong></span> <span class='ocrx_word' id='word_1_161' title='bbox 1019 3947 1096 3992; x_wconf 88' lang='lat' dir='ltr'><strong>vero</strong></span> <span class='ocrx_word' id='word_1_162' title='bbox 1121 3921 1272 3993; x_wconf 89' lang='lat' dir='ltr'><strong>radicum</strong></span> <span class='ocrx_word' id='word_1_163' title='bbox 1300 4019 1307 4034; x_wconf 35' lang='grc'>1</span> 
     </span>
    </p>
   </div>
   <div class='ocr_carea' id='block_1_5' title="bbox 303 4071 1295 4166">
    <p class='ocr_par' dir='ltr' id='par_1_5' title="bbox 303 4071 1295 4166">
     <span class='ocr_line' id='line_1_24' title="bbox 303 4071 1295 4166; baseline 0.005 -27"><span class='ocrx_word' id='word_1_164' title='bbox 303 4074 424 4166; x_wconf 86' lang='lat' dir='ltr'><strong>accipit</strong></span> <span class='ocrx_word' id='word_1_165' title='bbox 454 4071 550 4138; x_wconf 89' lang='lat' dir='ltr'><strong>arbor</strong></span> <span class='ocrx_word' id='word_1_166' title='bbox 587 4073 747 4140; x_wconf 87' lang='lat' dir='ltr'><strong>minorem</strong></span> <span class='ocrx_word' id='word_1_167' title='bbox 782 4094 957 4146; x_wconf 87' lang='lat' dir='ltr'><strong>succorum</strong></span> <span class='ocrx_word' id='word_1_168' title='bbox 996 4076 1133 4166; x_wconf 87' lang='lat' dir='ltr'><strong>copiam.</strong></span> <span class='ocrx_word' id='word_1_169' title='bbox 1185 4077 1295 4145; x_wconf 85' lang='lat' dir='ltr'><strong>lline·</strong></span> 
     </span>
    </p>
   </div>
   <div class='ocr_carea' id='block_1_6' title="bbox 0 0 1454 4992">
    <p class='ocr_par' dir='ltr' id='par_1_6' title="bbox 0 0 1454 4992">
     <span class='ocr_line' id='line_1_25' title="bbox 0 0 1454 4992; baseline 0 0"><span class='ocrx_word' id='word_1_170' title='bbox 0 0 1454 4992; x_wconf 95' lang='lat' dir='ltr'><strong> </strong></span> 
     </span>
    </p>
   </div>
  </div>
 </body>
</html>
