<?xml version="1.0" encoding="UTF-8"?>
<!DOCTYPE html PUBLIC "-//W3C//DTD XHTML 1.0 Transitional//EN"
    "http://www.w3.org/TR/xhtml1/DTD/xhtml1-transitional.dtd">
<html xmlns="http://www.w3.org/1999/xhtml" xml:lang="en" lang="en">
 <head>
  <title>
</title>
<meta http-equiv="Content-Type" content="text/html;charset=utf-8" />
  <meta name='ocr-system' content='tesseract 3.04.00' />
  <meta name='ocr-capabilities' content='ocr_page ocr_carea ocr_par ocr_line ocrx_word'/>
</head>
<body>
  <div class='ocr_page' id='page_1' title='image "./dissertatiooeco00wttegoog_0038.png"; bbox 0 0 2886 4992; ppageno 0'>
   <div class='ocr_carea' id='block_1_1' title="bbox 750 399 793 470">
    <p class='ocr_par' dir='ltr' id='par_1_1' title="bbox 750 399 793 470">
     <span class='ocr_line' id='line_1_1' title="bbox 750 399 793 470; baseline 0.116 -5"><span class='ocrx_word' id='word_1_1' title='bbox 750 399 793 470; x_wconf 82' lang='lat'><strong>20</strong></span> 
     </span>
    </p>
   </div>
   <div class='ocr_carea' id='block_1_2' title="bbox 201 631 1259 2520">
    <p class='ocr_par' dir='ltr' id='par_1_2' title="bbox 201 631 1259 2520">
     <span class='ocr_line' id='line_1_2' title="bbox 291 631 1258 732; baseline 0 -22"><span class='ocrx_word' id='word_1_2' title='bbox 291 631 414 732; x_wconf 75' lang='lat' dir='ltr'><strong>jacent.</strong></span> <span class='ocrx_word' id='word_1_3' title='bbox 444 639 594 731; x_wconf 85' lang='lat' dir='ltr'><strong>Denique</strong></span> <span class='ocrx_word' id='word_1_4' title='bbox 607 640 779 729; x_wconf 90' lang='lat' dir='ltr'><strong>quoniam,</strong></span> <span class='ocrx_word' id='word_1_5' title='bbox 795 653 870 728; x_wconf 74' lang='lat' dir='ltr'><strong>quo</strong></span> <span class='ocrx_word' id='word_1_6' title='bbox 887 637 1012 706; x_wconf 76' lang='lat' dir='ltr'><strong>altiores</strong></span> <span class='ocrx_word' id='word_1_7' title='bbox 1028 640 1096 709; x_wconf 89' lang='lat' dir='ltr'><strong>sint</strong></span> <span class='ocrx_word' id='word_1_8' title='bbox 1113 639 1258 730; x_wconf 77' lang='lat' dir='ltr'>radices,</span> 
     </span>
     <span class='ocr_line' id='line_1_3' title="bbox 266 784 1258 872; baseline 0.002 -13"><span class='ocrx_word' id='word_1_9' title='bbox 266 837 268 842; x_wconf 69' lang='lat'><strong>,</strong></span> <span class='ocrx_word' id='word_1_10' title='bbox 293 815 333 860; x_wconf 86' lang='lat' dir='ltr'><strong>eo</strong></span> <span class='ocrx_word' id='word_1_11' title='bbox 347 790 500 859; x_wconf 82' lang='lat' dir='ltr'><strong>rectiores</strong></span> <span class='ocrx_word' id='word_1_12' title='bbox 518 811 584 856; x_wconf 86' lang='lat' dir='ltr'><strong>esse</strong></span> <span class='ocrx_word' id='word_1_13' title='bbox 604 787 709 854; x_wconf 83' lang='lat' dir='ltr'>solent</span> <span class='ocrx_word' id='word_1_14' title='bbox 726 786 859 872; x_wconf 86' lang='lat' dir='ltr'><strong>trunci,</strong></span> <span class='ocrx_word' id='word_1_15' title='bbox 880 784 1004 856; x_wconf 87' lang='lat' dir='ltr'><strong>ideireo</strong></span> <span class='ocrx_word' id='word_1_16' title='bbox 1018 789 1115 856; x_wconf 90' lang='lat' dir='ltr'><strong>etiam</strong></span> <span class='ocrx_word' id='word_1_17' title='bbox 1127 793 1258 860; x_wconf 84' lang='lat' dir='ltr'><strong>arbores</strong></span> 
     </span>
     <span class='ocr_line' id='line_1_4' title="bbox 293 936 1257 1032; baseline 0 -20"><span class='ocrx_word' id='word_1_18' title='bbox 293 967 312 1012; x_wconf 90' lang='lat' dir='ltr'><strong>e</strong></span> <span class='ocrx_word' id='word_1_19' title='bbox 340 942 515 1012; x_wconf 86' lang='lat' dir='ltr'><strong>seminibus</strong></span> <span class='ocrx_word' id='word_1_20' title='bbox 538 936 737 1032; x_wconf 88' lang='lat' dir='ltr'><strong>productae,</strong></span> <span class='ocrx_word' id='word_1_21' title='bbox 763 955 880 1030; x_wconf 80' lang='lat' dir='ltr'><strong>utpote</strong></span> <span class='ocrx_word' id='word_1_22' title='bbox 905 936 1069 1006; x_wconf 80' lang='lat' dir='ltr'><strong>altioribus</strong></span> <span class='ocrx_word' id='word_1_23' title='bbox 1091 940 1257 1012; x_wconf 80' lang='lat' dir='ltr'><strong>radicibus</strong></span> 
     </span>
     <span class='ocr_line' id='line_1_5' title="bbox 280 1085 1254 1180; baseline 0.002 -24"><span class='ocrx_word' id='word_1_24' title='bbox 280 1091 487 1174; x_wconf 83' lang='lat' dir='ltr'><strong>&#39;instructae,</strong></span> <span class='ocrx_word' id='word_1_25' title='bbox 508 1085 707 1178; x_wconf 85' lang='lat' dir='ltr'><strong>plerumque</strong></span> <span class='ocrx_word' id='word_1_26' title='bbox 728 1088 844 1175; x_wconf 87' lang='lat' dir='ltr'><strong>majori</strong></span> <span class='ocrx_word' id='word_1_27' title='bbox 864 1089 1058 1180; x_wconf 86' lang='lat' dir='ltr'><strong>proceritate</strong></span> <span class='ocrx_word' id='word_1_28' title='bbox 1080 1089 1254 1160; x_wconf 87' lang='lat' dir='ltr'><strong>excellunt.</strong></span> 
     </span>
     <span class='ocr_line' id='line_1_6' title="bbox 334 1215 1251 1330; baseline 0.004 -26"><span class='ocrx_word' id='word_1_29' title='bbox 334 1237 419 1304; x_wconf 84' lang='lat' dir='ltr'><strong>llaec</strong></span> <span class='ocrx_word' id='word_1_30' title='bbox 440 1236 539 1321; x_wconf 79' lang='lat' dir='ltr'><strong>igitur</strong></span> <span class='ocrx_word' id='word_1_31' title='bbox 562 1233 731 1304; x_wconf 87' lang='lat' dir='ltr'><strong>commoda</strong></span> <span class='ocrx_word' id='word_1_32' title='bbox 749 1215 901 1328; x_wconf 83' lang='lat' dir='ltr'><strong>inprimis</strong></span> <span class='ocrx_word' id='word_1_33' title='bbox 921 1241 1097 1330; x_wconf 84' lang='lat' dir='ltr'><strong>perspicua</strong></span> <span class='ocrx_word' id='word_1_34' title='bbox 1118 1241 1251 1310; x_wconf 86' lang='lat' dir='ltr'><strong>suntin</strong></span> 
     </span>
     <span class='ocr_line' id='line_1_7' title="bbox 286 1383 1252 1478; baseline 0.004 -26"><span class='ocrx_word' id='word_1_35' title='bbox 286 1383 347 1452; x_wconf 89' lang='lat' dir='ltr'><strong>illis</strong></span> <span class='ocrx_word' id='word_1_36' title='bbox 378 1383 570 1472; x_wconf 79' lang='lat' dir='ltr'><strong>arboribus,</strong></span> <span class='ocrx_word' id='word_1_37' title='bbox 604 1407 745 1476; x_wconf 76' lang='lat' dir='ltr'><strong>quaerum</strong></span> <span class='ocrx_word' id='word_1_38' title='bbox 776 1383 901 1454; x_wconf 79' lang='lat' dir='ltr'><strong>radices</strong></span> <span class='ocrx_word' id='word_1_39' title='bbox 935 1384 1032 1474; x_wconf 79' lang='lat' dir='ltr'><strong>vulgo</strong></span> <span class='ocrx_word' id='word_1_40' title='bbox 1062 1391 1252 1478; x_wconf 61' lang='lat' dir='ltr'><strong>primitivas</strong></span> 
     </span>
     <span class='ocr_line' id='line_1_8' title="bbox 284 1533 1259 1626; baseline 0.006 -25"><span class='ocrx_word' id='word_1_41' title='bbox 284 1549 462 1618; x_wconf 87' lang='lat' dir='ltr'><strong>vocantur,</strong></span> <span class='ocrx_word' id='word_1_42' title='bbox 484 1533 519 1599; x_wconf 88' lang='lat' dir='ltr'><strong>h.</strong></span> <span class='ocrx_word' id='word_1_43' title='bbox 540 1556 570 1601; x_wconf 90' lang='lat' dir='ltr'><strong>e.</strong></span> <span class='ocrx_word' id='word_1_44' title='bbox 592 1557 677 1624; x_wconf 87' lang='lat' dir='ltr'><strong>quae</strong></span> <span class='ocrx_word' id='word_1_45' title='bbox 695 1557 714 1600; x_wconf 87' lang='lat' dir='ltr'><strong>e</strong></span> <span class='ocrx_word' id='word_1_46' title='bbox 732 1535 911 1602; x_wconf 87' lang='lat' dir='ltr'><strong>seminibus</strong></span> <span class='ocrx_word' id='word_1_47' title='bbox 928 1555 1163 1626; x_wconf 80' lang='lat' dir='ltr'><strong>provenerunt.</strong></span> <span class='ocrx_word' id='word_1_48' title='bbox 1198 1538 1259 1607; x_wconf 44' lang='lat' dir='ltr'><strong>lt*</strong></span> 
     </span>
     <span class='ocr_line' id='line_1_9' title="bbox 201 1649 1254 1785; baseline 0.003 -35"><span class='ocrx_word' id='word_1_49' title='bbox 201 1707 210 1724; x_wconf 94' lang='lat'><strong>·</strong></span> <span class='ocrx_word' id='word_1_50' title='bbox 284 1695 350 1776; x_wconf 85' lang='lat' dir='ltr'><strong>que</strong></span> <span class='ocrx_word' id='word_1_51' title='bbox 372 1707 442 1785; x_wconf 85' lang='lat' dir='ltr'><strong>eam</strong></span> <span class='ocrx_word' id='word_1_52' title='bbox 463 1684 506 1750; x_wconf 93' lang='lat' dir='ltr'><strong>ob</strong></span> <span class='ocrx_word' id='word_1_53' title='bbox 532 1649 659 1752; x_wconf 86' lang='lat' dir='ltr'><strong>eausam</strong></span> <span class='ocrx_word' id='word_1_54' title='bbox 682 1707 817 1774; x_wconf 85' lang='lat' dir='ltr'><strong>quoque</strong></span> <span class='ocrx_word' id='word_1_55' title='bbox 834 1682 937 1773; x_wconf 78' lang='lat' dir='ltr'><strong>sylvas</strong></span> <span class='ocrx_word' id='word_1_56' title='bbox 958 1707 998 1748; x_wconf 85' lang='lat' dir='ltr'><strong>ex</strong></span> <span class='ocrx_word' id='word_1_57' title='bbox 1015 1683 1079 1751; x_wconf 85' lang='lat' dir='ltr'><strong>hoe</strong></span> <span class='ocrx_word' id='word_1_58' title='bbox 1095 1687 1254 1754; x_wconf 87' lang='lat' dir='ltr'><strong>arborum-</strong></span> 
     </span>
     <span class='ocr_line' id='line_1_10' title="bbox 281 1821 1250 1918; baseline 0.003 -20"><span class='ocrx_word' id='word_1_59' title='bbox 281 1827 402 1918; x_wconf 74' lang='lat' dir='ltr'><strong>g&#39;enere</strong></span> <span class='ocrx_word' id='word_1_60' title='bbox 423 1821 606 1902; x_wconf 76' lang='lat' dir='ltr'><strong>consiantes</strong></span> <span class='ocrx_word' id='word_1_61' title='bbox 629 1832 665 1896; x_wconf 89' lang='lat' dir='ltr'><strong>in</strong></span> <span class='ocrx_word' id='word_1_62' title='bbox 687 1829 877 1898; x_wconf 86' lang='lat' dir='ltr'><strong>universum</strong></span> <span class='ocrx_word' id='word_1_63' title='bbox 900 1831 1021 1917; x_wconf 88' lang='lat' dir='ltr'><strong>majora</strong></span> <span class='ocrx_word' id='word_1_64' title='bbox 1042 1849 1075 1900; x_wconf 88' lang='lat' dir='ltr'><strong>et</strong></span> <span class='ocrx_word' id='word_1_65' title='bbox 1097 1831 1250 1901; x_wconf 86' lang='lat' dir='ltr'><strong>viridiora</strong></span> 
     </span>
     <span class='ocr_line' id='line_1_11' title="bbox 280 1973 1256 2072; baseline 0.006 -27"><span class='ocrx_word' id='word_1_66' title='bbox 280 1981 374 2064; x_wconf 79' lang='lat' dir='ltr'><strong>folia,</strong></span> <span class='ocrx_word' id='word_1_67' title='bbox 395 1979 550 2044; x_wconf 83' lang='lat' dir='ltr'><strong>laeviores-</strong></span> <span class='ocrx_word' id='word_1_68' title='bbox 564 1996 596 2044; x_wconf 88' lang='lat' dir='ltr'><strong>et</strong></span> <span class='ocrx_word' id='word_1_69' title='bbox 612 1978 711 2062; x_wconf 85' lang='lat' dir='ltr'><strong>magis</strong></span> <span class='ocrx_word' id='word_1_70' title='bbox 729 1978 867 2044; x_wconf 85' lang='lat' dir='ltr'><strong>directos</strong></span> <span class='ocrx_word' id='word_1_71' title='bbox 890 2001 1015 2065; x_wconf 81' lang='lat' dir='ltr'><strong>ramos,</strong></span> <span class='ocrx_word' id='word_1_72' title='bbox 1037 1999 1137 2072; x_wconf 86' lang='lat' dir='ltr'><strong>atque</strong></span> <span class='ocrx_word' id='word_1_73' title='bbox 1158 1973 1256 2050; x_wconf 54' lang='lat' dir='ltr'><strong>trnnss</strong></span> 
     </span>
     <span class='ocr_line' id='line_1_12' title="bbox 280 2115 1092 2217; baseline 0.002 -22"><span class='ocrx_word' id='word_1_74' title='bbox 280 2149 335 2195; x_wconf 90' lang='lat' dir='ltr'><strong>cos</strong></span> <span class='ocrx_word' id='word_1_75' title='bbox 354 2115 609 2217; x_wconf 63' lang='lat' dir='ltr'><strong>procerioressset</strong></span> <span class='ocrx_word' id='word_1_76' title='bbox 628 2122 775 2192; x_wconf 85' lang='lat' dir='ltr'><strong>celsiores</strong></span> <span class='ocrx_word' id='word_1_77' title='bbox 793 2117 913 2194; x_wconf 82' lang='lat' dir='ltr'><strong>habere</strong></span> <span class='ocrx_word' id='word_1_78' title='bbox 935 2127 1092 2197; x_wconf 86' lang='lat' dir='ltr'><strong>videmus.</strong></span> 
     </span>
     <span class='ocr_line' id='line_1_13' title="bbox 323 2258 1248 2373; baseline 0.003 -27"><span class='ocrx_word' id='word_1_79' title='bbox 323 2277 492 2346; x_wconf 80' lang='lat' dir='ltr'><strong>Caeterum</strong></span> <span class='ocrx_word' id='word_1_80' title='bbox 512 2301 530 2343; x_wconf 93' lang='lat' dir='ltr'><strong>e</strong></span> <span class='ocrx_word' id='word_1_81' title='bbox 551 2267 728 2344; x_wconf 84' lang='lat' dir='ltr'><strong>seminibus</strong></span> <span class='ocrx_word' id='word_1_82' title='bbox 741 2297 966 2371; x_wconf 84' lang='lat' dir='ltr'><strong>propagantur</strong></span> <span class='ocrx_word' id='word_1_83' title='bbox 985 2258 1143 2373; x_wconf 74' lang='lat' dir='ltr'><strong>quiercus,</strong></span> <span class='ocrx_word' id='word_1_84' title='bbox 1164 2281 1248 2370; x_wconf 88' lang='lat' dir='ltr'><strong>alni,</strong></span> 
     </span>
     <span class='ocr_line' id='line_1_14' title="bbox 275 2393 1247 2520; baseline 0.001 -23"><span class='ocrx_word' id='word_1_85' title='bbox 275 2427 414 2512; x_wconf 83' lang='lat' dir='ltr'><strong>fraxini,</strong></span> <span class='ocrx_word' id='word_1_86' title='bbox 444 2423 593 2512; x_wconf 88' lang='lat' dir='ltr'><strong>betulae,</strong></span> <span class='ocrx_word' id='word_1_87' title='bbox 616 2447 709 2493; x_wconf 83' lang='lat' dir='ltr'><strong>acere</strong></span> <span class='ocrx_word' id='word_1_88' title='bbox 731 2443 764 2493; x_wconf 88' lang='lat' dir='ltr'><strong>et</strong></span> <span class='ocrx_word' id='word_1_89' title='bbox 781 2423 925 2494; x_wconf 84' lang='lat' dir='ltr'><strong>diversae</strong></span> <span class='ocrx_word' id='word_1_90' title='bbox 951 2429 1097 2519; x_wconf 85' lang='lat' dir='ltr'><strong>pinnum</strong></span> <span class='ocrx_word' id='word_1_91' title='bbox 1113 2393 1247 2520; x_wconf 78' lang='lat' dir='ltr'><strong>speeies.</strong></span> 
     </span>
    </p>
   </div>
   <div class='ocr_carea' id='block_1_3' title="bbox 278 2572 1244 2668">
    <p class='ocr_par' dir='ltr' id='par_1_3' title="bbox 278 2572 1244 2668">
     <span class='ocr_line' id='line_1_15' title="bbox 278 2572 1244 2668; baseline 0.001 -24"><span class='ocrx_word' id='word_1_92' title='bbox 278 2577 392 2644; x_wconf 84' lang='lat' dir='ltr'><strong>Rarius</strong></span> <span class='ocrx_word' id='word_1_93' title='bbox 418 2575 485 2644; x_wconf 90' lang='lat' dir='ltr'><strong>hoc</strong></span> <span class='ocrx_word' id='word_1_94' title='bbox 515 2577 551 2642; x_wconf 88' lang='lat' dir='ltr'><strong>in</strong></span> <span class='ocrx_word' id='word_1_95' title='bbox 580 2572 694 2662; x_wconf 86' lang='lat' dir='ltr'><strong>ulmis,</strong></span> <span class='ocrx_word' id='word_1_96' title='bbox 717 2593 749 2644; x_wconf 92' lang='lat' dir='ltr'><strong>at</strong></span> <span class='ocrx_word' id='word_1_97' title='bbox 773 2599 954 2668; x_wconf 87' lang='lat' dir='ltr'><strong>numquam</strong></span> <span class='ocrx_word' id='word_1_98' title='bbox 977 2576 1013 2642; x_wconf 89' lang='lat' dir='ltr'><strong>in</strong></span> <span class='ocrx_word' id='word_1_99' title='bbox 1035 2573 1186 2666; x_wconf 84' lang='lat' dir='ltr'><strong>salicibus</strong></span> <span class='ocrx_word' id='word_1_100' title='bbox 1205 2593 1244 2646; x_wconf 86' lang='lat' dir='ltr'><strong>ao</strong></span> 
     </span>
    </p>
   </div>
   <div class='ocr_carea' id='block_1_4' title="bbox 277 2717 1018 2820">
    <p class='ocr_par' dir='ltr' id='par_1_4' title="bbox 277 2717 1018 2820">
     <span class='ocr_line' id='line_1_16' title="bbox 277 2717 1018 2820; baseline -0.003 -24"><span class='ocrx_word' id='word_1_101' title='bbox 277 2725 409 2820; x_wconf 89' lang='lat' dir='ltr'><strong>populis</strong></span> <span class='ocrx_word' id='word_1_102' title='bbox 431 2723 521 2816; x_wconf 89' lang='lat' dir='ltr'><strong>apud</strong></span> <span class='ocrx_word' id='word_1_103' title='bbox 544 2719 605 2795; x_wconf 87' lang='lat' dir='ltr'><strong>nos</strong></span> <span class='ocrx_word' id='word_1_104' title='bbox 623 2717 735 2796; x_wconf 82' lang='lat' dir='ltr'><strong>locum</strong></span> <span class='ocrx_word' id='word_1_105' title='bbox 753 2725 876 2794; x_wconf 86' lang='lat' dir='ltr'><strong>habere</strong></span> <span class='ocrx_word' id='word_1_106' title='bbox 895 2723 985 2794; x_wconf 91' lang='lat' dir='ltr'><strong>solet.</strong></span> <span class='ocrx_word' id='word_1_107' title='bbox 1016 2789 1018 2794; x_wconf 79' lang='grc'>,</span> 
     </span>
    </p>
   </div>
   <div class='ocr_carea' id='block_1_5' title="bbox 221 2983 1247 3865">
    <p class='ocr_par' dir='ltr' id='par_1_5' title="bbox 221 2983 1247 3865">
     <span class='ocr_line' id='line_1_17' title="bbox 285 2983 1238 3114; baseline -0.002 -26"><span class='ocrx_word' id='word_1_108' title='bbox 285 3041 288 3048; x_wconf 90' lang='grc'><strong>’</strong></span> <span class='ocrx_word' id='word_1_109' title='bbox 317 3019 379 3088; x_wconf 88' lang='lat' dir='ltr'><strong>llas</strong></span> <span class='ocrx_word' id='word_1_110' title='bbox 400 3018 643 3112; x_wconf 86' lang='lat' dir='ltr'><strong>multiplicandi</strong></span> <span class='ocrx_word' id='word_1_111' title='bbox 659 3023 816 3109; x_wconf 89' lang='lat' dir='ltr'><strong>rationes,</strong></span> <span class='ocrx_word' id='word_1_112' title='bbox 841 3022 962 3114; x_wconf 86' lang='lat' dir='ltr'><strong>quibus</strong></span> <span class='ocrx_word' id='word_1_113' title='bbox 985 3021 1074 3114; x_wconf 87' lang='lat' dir='ltr'><strong>apud</strong></span> <span class='ocrx_word' id='word_1_114' title='bbox 1098 3044 1159 3088; x_wconf 89' lang='lat' dir='ltr'><strong>nos</strong></span> <span class='ocrx_word' id='word_1_115' title='bbox 1181 2983 1238 3088; x_wconf 85' lang='lat' dir='ltr'><strong>ar-</strong></span> 
     </span>
     <span class='ocr_line' id='line_1_18' title="bbox 272 3165 1241 3263; baseline 0 -25"><span class='ocrx_word' id='word_1_116' title='bbox 272 3173 366 3238; x_wconf 88' lang='lat' dir='ltr'><strong>bores</strong></span> <span class='ocrx_word' id='word_1_117' title='bbox 392 3168 559 3261; x_wconf 81' lang='lat' dir='ltr'><strong>sylvestres</strong></span> <span class='ocrx_word' id='word_1_118' title='bbox 587 3173 762 3262; x_wconf 84' lang='lat' dir='ltr'><strong>propagari</strong></span> <span class='ocrx_word' id='word_1_119' title='bbox 784 3168 904 3258; x_wconf 85' lang='lat' dir='ltr'><strong>solent,</strong></span> <span class='ocrx_word' id='word_1_120' title='bbox 933 3165 1007 3237; x_wconf 89' lang='lat' dir='ltr'><strong>ideo</strong></span> <span class='ocrx_word' id='word_1_121' title='bbox 1021 3170 1241 3263; x_wconf 84' lang='lat' dir='ltr'><strong>exponendas</strong></span> 
     </span>
     <span class='ocr_line' id='line_1_19' title="bbox 242 3289 1247 3414; baseline 0.002 -27"><span class='ocrx_word' id='word_1_122' title='bbox 242 3319 371 3402; x_wconf 52' lang='lat' dir='ltr'><strong>fluisse</strong></span> <span class='ocrx_word' id='word_1_123' title='bbox 396 3319 568 3388; x_wconf 83' lang='lat' dir='ltr'><strong>arbitratus</strong></span> <span class='ocrx_word' id='word_1_124' title='bbox 593 3343 685 3404; x_wconf 90' lang='lat' dir='ltr'><strong>sum,</strong></span> <span class='ocrx_word' id='word_1_125' title='bbox 715 3340 754 3388; x_wconf 85' lang='lat' dir='ltr'><strong>ut</strong></span> <span class='ocrx_word' id='word_1_126' title='bbox 777 3289 963 3414; x_wconf 84' lang='lat' dir='ltr'><strong>appareret,</strong></span> <span class='ocrx_word' id='word_1_127' title='bbox 994 3341 1157 3414; x_wconf 87' lang='lat' dir='ltr'><strong>quantum</strong></span> <span class='ocrx_word' id='word_1_128' title='bbox 1183 3321 1247 3389; x_wconf 77' lang='lat' dir='ltr'><strong>di-</strong></span> 
     </span>
     <span class='ocr_line' id='line_1_20' title="bbox 268 3459 1240 3557; baseline -0.001 -24"><span class='ocrx_word' id='word_1_129' title='bbox 268 3459 625 3557; x_wconf 67' lang='lat' dir='ltr'><strong>wasalpropagationis</strong></span> <span class='ocrx_word' id='word_1_130' title='bbox 650 3466 733 3534; x_wconf 88' lang='lat' dir='ltr'><strong>ratio</strong></span> <span class='ocrx_word' id='word_1_131' title='bbox 758 3465 878 3536; x_wconf 82' lang='lat' dir='ltr'><strong>valeret</strong></span> <span class='ocrx_word' id='word_1_132' title='bbox 904 3469 948 3540; x_wconf 87' lang='lat' dir='ltr'><strong>ad·</strong></span> <span class='ocrx_word' id='word_1_133' title='bbox 971 3469 1170 3536; x_wconf 85' lang='lat' dir='ltr'><strong>incrementa</strong></span> <span class='ocrx_word' id='word_1_134' title='bbox 1192 3492 1240 3532; x_wconf 88' lang='lat' dir='ltr'><strong>ar·</strong></span> 
     </span>
     <span class='ocr_line' id='line_1_21' title="bbox 267 3613 1237 3708; baseline 0.003 -28"><span class='ocrx_word' id='word_1_135' title='bbox 267 3613 386 3681; x_wconf 87' lang='lat' dir='ltr'><strong>borum</strong></span> <span class='ocrx_word' id='word_1_136' title='bbox 416 3613 599 3702; x_wconf 88' lang='lat' dir='ltr'><strong>adjuvanda</strong></span> <span class='ocrx_word' id='word_1_137' title='bbox 627 3615 678 3686; x_wconf 87' lang='lat' dir='ltr'><strong>vel</strong></span> <span class='ocrx_word' id='word_1_138' title='bbox 706 3614 921 3704; x_wconf 86' lang='lat' dir='ltr'><strong>retardanda,</strong></span> <span class='ocrx_word' id='word_1_139' title='bbox 952 3633 1050 3708; x_wconf 80' lang='lat' dir='ltr'><strong>atque</strong></span> <span class='ocrx_word' id='word_1_140' title='bbox 1071 3633 1109 3682; x_wconf 88' lang='lat' dir='ltr'><strong>ut</strong></span> <span class='ocrx_word' id='word_1_141' title='bbox 1139 3614 1237 3683; x_wconf 87' lang='lat' dir='ltr'><strong>simul</strong></span> 
     </span>
     <span class='ocr_line' id='line_1_22' title="bbox 221 3755 1233 3865; baseline -0.001 -34"><span class='ocrx_word' id='word_1_142' title='bbox 221 3781 229 3798; x_wconf 89' lang='lat'><strong>·</strong></span> <span class='ocrx_word' id='word_1_143' title='bbox 267 3755 429 3865; x_wconf 60' lang='lat' dir='ltr'><strong>conspuet</strong></span> <span class='ocrx_word' id='word_1_144' title='bbox 445 3764 586 3834; x_wconf 89' lang='lat' dir='ltr'><strong>multum</strong></span> <span class='ocrx_word' id='word_1_145' title='bbox 604 3763 782 3852; x_wconf 86' lang='lat' dir='ltr'><strong>interesse,</strong></span> <span class='ocrx_word' id='word_1_146' title='bbox 799 3763 965 3858; x_wconf 87' lang='lat' dir='ltr'><strong>quomodo</strong></span> <span class='ocrx_word' id='word_1_147' title='bbox 981 3763 1172 3833; x_wconf 86' lang='lat' dir='ltr'><strong>arbusculae</strong></span> <span class='ocrx_word' id='word_1_148' title='bbox 1191 3763 1233 3832; x_wconf 87' lang='lat' dir='ltr'><strong>ad</strong></span> 
     </span>
    </p>
   </div>
   <div class='ocr_carea' id='block_1_6' title="bbox 263 3911 1022 4008">
    <p class='ocr_par' dir='ltr' id='par_1_6' title="bbox 263 3911 1022 4008">
     <span class='ocr_line' id='line_1_23' title="bbox 263 3911 1022 4008; baseline 0 -26"><span class='ocrx_word' id='word_1_149' title='bbox 263 3911 497 4005; x_wconf 87' lang='lat' dir='ltr'><strong>plantationem</strong></span> <span class='ocrx_word' id='word_1_150' title='bbox 530 3913 732 3988; x_wconf 87' lang='lat' dir='ltr'><strong>adhibendae</strong></span> <span class='ocrx_word' id='word_1_151' title='bbox 765 3916 1022 4008; x_wconf 82' lang='lat' dir='ltr'><strong>acquirerentur.</strong></span> 
     </span>
    </p>
   </div>
   <div class='ocr_carea' id='block_1_7' title="bbox 652 4089 836 4126">
    <p class='ocr_par' dir='ltr' id='par_1_7' title="bbox 652 4089 836 4126">
     <span class='ocr_line' id='line_1_24' title="bbox 652 4089 836 4126; baseline 0 -10"><span class='ocrx_word' id='word_1_152' title='bbox 652 4089 836 4126; x_wconf 58' lang='lat' dir='ltr'>..a-*—</span> 
     </span>
    </p>
   </div>
   <div class='ocr_carea' id='block_1_8' title="bbox 0 0 1478 4992">
    <p class='ocr_par' dir='ltr' id='par_1_8' title="bbox 0 0 1478 4992">
     <span class='ocr_line' id='line_1_25' title="bbox 0 0 1478 4992; baseline 0 0"><span class='ocrx_word' id='word_1_153' title='bbox 0 0 1478 4992; x_wconf 95' lang='lat' dir='ltr'><strong> </strong></span> 
     </span>
    </p>
   </div>
  </div>
 </body>
</html>
