2890 4978
676 379 717 442 99

258 615 359 680 Porro
376 631 474 705 opera
492 614 600 682 danda
615 634 681 702 est,
700 636 738 684 ut
759 620 794 682 in'
813 619 967 686 arborum
979 621 1177 712 plantatione

213 765 336 856 optima
372 784 456 832 terra
489 791 555 834 non
592 769 635 832 in'
659 765 764 835 fundo
780 791 783 796 ·
798 771 921 837 scrobis
963 773 1175 859 conjiciatur,

210 920 334 983 verum'
353 935 392 982 ut
423 918 459 982 in
475 916 530 985 illa
558 925 649 986 terra'
665 920 788 987 radices
810 921 1065 1013 plantandarum
1087 927 1176 992 arbo-

162 1081 165 1086 '
206 1089 281 1132 rum
292 1065 513 1154 collocentur,
529 1071 721 1160 praesertim
735 1067 826 1160 quod
841 1094 887 1155 ea,
901 1071 960 1136 ubi
973 1071 1173 1165 aliquamdiu
1221 1081 1225 1092 “

207 1217 274 1280 aeri
302 1217 448 1306 exposita
472 1215 555 1302 fuit,
579 1220 651 1283 satis
679 1217 783 1328 mpllis
810 1236 859 1285 est
879 1236 912 1284 et
930 1237 1055 1300 tenera,
1076 1240 1114 1288 ut
1136 1225 1171 1286 in

206 1387 318 1431 omnes
350 1364 500 1432 radicum
531 1367 703 1452 interstitia
735 1385 907 1458 penetrare
923 1395 926 1402 ²
943 1392 1059 1459 casque
1091 1394 1174 1436 com·
1210 1419 1213 1424 -

202 1513 293 1605 plere
331 1533 437 1606 queat.
493 1515 536 1582 Ut
558 1533 664 1582 autem
687 1515 766 1582 baec
791 1518 965 1583 interstitia
989 1519 1170 1603 evitentur,

204 1681 302 1754 atque
318 1661 416 1728 simul
434 1678 586 1748 curetur,
604 1680 642 1729 ut
665 1663 825 1730 tenuiores
843 1663 1006 1732 radiculae
1023 1668 1064 1732 ab
1083 1671 1172 1732 omni

202 1829 295 1902 parte
326 1829 446 1878 terram
473 1813 647 1899 attingant,
671 1815 767 1880 arbor
790 1813 968 1904 plantanda
988 1786 1172 1907 paullulum
1208 1908 1209 1911 Ἴ

203 1957 381 2043 attollitur,
400 1976 433 2026 et
453 1983 566 2026 rursus
588 1959 784 2051 deprimitur
805 1981 836 2028 et
860 1961 987 2030 mollior
1010 1964 1171 2030 terra'illis

200 2131 356 2174 manuum
377 2133 439 2200 ope
467 2110 715 2196 circumjicitur.
1099 2093 1100 2098 ἵ

241 2256 406 2322 Praeterea
435 2257 530 2324 etiam
559 2258 638 2325 baec
676 2281 753 2325 cura
785 2260 935 2351 inprimis
959 2257 1189 2346 adhibeatur„

196 2423 234 2472 ut
262 2404 386 2472 radices
417 2429 529 2472 rursus
557 2407 708 2494 candem,
740 2404 841 2500 quam
875 2411 966 2476 antea
1003 2409 1164 2494 habuere,

155 2593 164 2608 ι
196 2553 391 2644 positionem
423 2555 599 2647 recipiant,
627 2581 689 2623 nec
712 2556 866 2647 perversa
894 2556 1055 2645 positione
1078 2581 1167 2646 prae-

195 2701 371 2793 pediantur
404 2704 605 2770 incrementa
620 2709 622 2714 ’
635 2701 814 2769 rodiam·
848 2701 957 2794 Atque
985 2702 1050 2770 boc
1076 2727 1167 2795 prae-

193 2855 305 2920 sertim
327 2855 363 2918 in
388 2850 574 2944 plantandis
598 2851 775 2966 me'pribus
794 2852 965 2918 arboribus
987 2853 1028 2919 ab
1052 2835 1161 2938 Anglis

192 3025 387 3092 magnopere
418 2998 680 3080 commendatur,
712 2996 816 3091 idque
838 3003 909 3066 non'
930 3003 1004 3066 sine‘
1019 2971 1160 3087 ratione,
1247 3065 1250 3070 .

341 3107 355 3136 Ι

133 3187 136 3190 -
192 3151 348 3242 quoniam
383 3150 526 3236 radices,
550 3151 578 3216 si
599 3167 734 3232 naturae
755 3173 830 3216 suae
851 3149 1048 3217 'contrariam
1076 3126 1163 3240 posi-¹

191 3299 314 3364 tionem
329 3297 463 3390 adeptae
486 3317 580 3384 sunt,
598 3298 709 3390 potius
728 3297 927 3381 interibunt,
951 3319 1052 3388 quam
1068 3295 1161 3364 aliam

189 3448 386 3540 positionem
402 3457 587 3514 resument.
629 3432 752 3538 'Neque
784 3466 891 3516 tamen
918 3443 1005 3511 idem
1037 3445 1157 3512 hocin

190 3596 372 3662 minoribus
395 3593 574 3662 arbusculis
598 3593 828 3682 negligendum
849 3611 912 3661 est:
945 3617 1054 3686 neque
1073 3619 1155 3686 opus

189 3765 253 3834 est,
272 3765 310 3814 ut
332 3746 497 3833 dicamus,
517 3770 616 3839 quam
634 3770 789 3838 perverse
810 3741 963 3839 nonnulli
982 3745 1045 3812 bac
1068 3746 1156 3832 inre

187 3915 373 3983 versentur,
419 3921 524 3989 quum
562 3894 673 3988 adbuc
706 3892 802 3960 multi
836 3895 1057 3984 reperiantur,
1095 3894 1155 3984 qui

184 4046 282 4113 modo
310 4050 492 4138 caespitem
505 4045 580 4136 pali
609 4047 644 4112 in
668 4045 769 4112 altum
791 4043 922 4130 tollant,
947 4040 1152 4112 arbusculam

957 4197 1058 4263 ’μθ
