2886 4992
756 402 797 464 28

289 657 358 706 rata
382 637 607 732 propagandas
629 661 708 706 esse.
742 635 840 722 Num,
863 637 1040 728 inquiunt,
1064 640 1254 711 etiamsitali

291 789 327 854 in
365 811 459 856 eausa
491 811 560 856 non
596 805 663 856 tam
700 786 766 856 cito
815 802 983 872 crescunt,
1016 803 1126 854 tamen
1161 791 1257 876 magis

272 921 275 926 Δ
291 937 484 1004 convenient
501 958 581 1002 cum
597 932 717 1002 natura
738 931 825 1001 illius
848 933 933 1020 loci,
953 934 988 1023 ia
1008 957 1107 1027 quem
1127 937 1261 1006 transfe-

291 1105 417 1156 rentur.
463 1085 549 1170 Quin
577 1077 679 1153 etiarn
711 1107 779 1152 non
804 1082 943 1188 desunt,
972 1084 1033 1176 qui
1058 1063 1255 1178 opinentur,

289 1237 419 1304 arbores
453 1257 582 1326 semper
606 1234 642 1300 in
670 1231 830 1335 sterilicri‘
854 1205 939 1302 terra
968 1236 1115 1328 primum
1142 1236 1184 1304 ali
1205 1236 1258 1304 de·

291 1387 378 1480 bere.
423 1380 519 1468 Quod
555 1401 663 1451 tamen
698 1383 833 1451 minime
868 1383 1080 1477 probandum
1116 1382 1258 1453 videtur.

289 1531 369 1600 Nam
395 1533 423 1600 si
449 1533 523 1626 quis
547 1555 580 1601 v.
604 1557 634 1600 c.
654 1529 751 1602 vellet
772 1532 913 1601 interra
937 1531 1040 1600 sterili
1061 1533 1190 1600 arbores
1215 1555 1259 1606 se*
1346 1569 1349 1574 ·

290 1705 377 1768 rerc,
401 1679 537 1749 deberet
561 1679 629 1746 illas
652 1677 818 1746 desumere
839 1701 858 1744 e
883 1678 1071 1763 seminario,
1094 1681 1188 1783 cujus
1211 1703 1261 1746 ao-

287 1827 360 1906 lum
384 1829 482 1898 etiam
508 1827 647 1898 sterilius
669 1809 769 1896 esset.
814 1825 912 1911 Quale
938 1845 1047 1896 autem
1069 1825 1154 1896 foret
1175 1827 1261 1914 ejus·

289 1977 380 2046 modi
391 1977 623 2044 seminarium?
668 1975 785 2058 Faifflrt
802 1973 854 2042 vel
875 1972 995 2042 nullius
1008 1974 1118 2066 potius
1139 1975 1257 2067 pretii,

290 2121 382 2217 quod
407 2123 528 2190 semina
552 2119 677 2186 inillis
708 2119 858 2212 deposita
880 2119 968 2188 lente
995 2140 1254 2210 succrescerent,

286 2289 322 2340 et
333 2287 516 2362 numquam
535 2293 575 2336 ex
592 2267 655 2336 illis
673 2269 780 2336 honae
795 2269 925 2336 arbores
938 2267 1128 2360 proditurae
1140 2288 1258 2338 essent.

340 2567 446 2636 Tertia
471 2569 540 2636 leco
560 2565 733 2654 agricolae,
759 2569 820 2659 qui
842 2590 938 2636 suum
964 2568 1027 2636 sibi
1046 2569 1146 2638 habet
1169 2573 1262 2638 semi·
1307 2601 1319 2624 ·

292 2717 439 2802 narium,
454 2716 520 2784 hoc
533 2699 744 2785 commodum
755 2716 904 2804 affertur,
922 2735 975 2804 ut,
996 2742 1059 2811 pro
1073 2699 1257 2810 diversitate

289 2863 455 2948 locorum,
485 2863 522 2928 in
549 2888 633 2955 quae
655 2881 766 2956 postea
792 2863 978 2932 arbusculas
1006 2866 1182 2934 transferre
1206 2889 1256 2936 ve-

292 3010 347 3100 lit,
377 3011 474 3080 etiam
498 3011 535 3076 in
561 3011 733 3079 seminario
758 3036 818 3080 suo
834 3012 1004 3100 'ejusmodi
1030 3013 1100 3080 loca
1126 3013 1259 3100 seligere
1314 3031 1322 3050 '

266 3259 267 3262 Ἴ
294 3178 409 3253 queat,
442 3181 525 3251 quae
549 3161 742 3229 conveniant
768 3185 845 3228 eum
866 3157 998 3227 illorum
1026 3159 1174 3232 locorum
1209 3188 1263 3232 na-

293 3307 382 3378 turs.
424 3305 504 3374 Nam
537 3307 565 3374 si
595 3332 627 3380 v·
662 3333 691 3376 c.
719 3308 848 3401 plautae
874 3311 993 3402 spissae
1025 3313 1062 3378 in
1090 3313 1260 3382 seminario

291 3475 558 3545 succreverunt,
593 3475 626 3526 et
660 3457 739 3526 inde
773 3459 809 3526 in
843 3459 914 3528 loca
949 3478 1057 3554 aperta
1090 3479 1124 3530 et
1157 3461 1260 3530 ventis
1304 3448 1307 3455 Δ
1362 3501 1363 3509 1

292 3605 438 3696 ,exposita
468 3608 728 3694 transferuntur,
769 3625 851 3677 tuuc
881 3587 954 3680 illae
983 3609 1111 3702 plantae
1143 3610 1260 3681 multas

245 3781 246 3786 ¹
298 3751 500 3858 difficultates
534 3758 711 3850 necessario
734 3757 866 3824 vsubire
903 3758 1044 3845 debent,
1087 3775 1264 3852 antequam

297 3900 445 3970 adsuetae
481 3903 546 3972 sint
577 3905 662 3974 illius
696 3904 762 3974 loci
790 3923 942 3992 naturae,
981 3907 1017 3972 in
1053 3929 1152 3998 quem
1176 3908 1261 4000 ipsas

190 4053 192 4056 ’
299 4049 436 4136 agricola
456 4055 700 4143 transposuerit.
746 4054 856 4146 Atque
872 4056 932 4124 hae
953 4053 1262 4131 difficultatesetiam
1332 4083 1335 4088 ·
