2886 4992
666 393 683 452 5

1061 477 1079 516 ο

184 597 327 680 obstare,
351 587 527 684 praecipue
549 586 610 655 illis
631 588 667 654 in
683 586 764 656 locis
779 588 986 658 manifestum
997 607 1064 678 est,
1087 594 1148 661 ubi

182 757 338 848 agricolae
355 756 569 849 praecipuam
589 775 721 820 usuram
743 775 784 818 ex
805 753 960 857 arborum
982 753 1145 824 fructibus

181 940 279 1015 atque
315 919 483 1022 pecudum
519 935 616 1012 pastu
655 905 865 1010 percipiunt,
903 939 971 984 non
1003 941 1081 1018 vero
1106 943 1148 988 ex

181 1086 336 1152 arborum
358 1081 458 1170 ligno.
504 1081 613 1174 Atque
637 1079 763 1150 ideirco
785 1079 907 1148 mirum
929 1079 1032 1150 videri
1051 1085 1147 1152 nobis
1195 1115 1197 1124 ι

167 1269 246 1316 'non
269 1264 394 1340 potest,
417 1246 557 1316 inveniri
583 1245 619 1310 in
640 1246 720 1312 orbe
745 1263 906 1314 terrarum
924 1246 1089 1332 regiones,
1110 1248 1146 1312 in

179 1415 302 1508 quibus
324 1411 429 1504 sylvae
453 1413 594 1479 intactae
614 1427 780 1495 maneant,
804 1411 896 1502 quod
911 1413 1047 1498 majores
1064 1435 1147 1479 sum-

175 1595 228 1646 tus
268 1577 514 1669 requirerentur
554 1575 590 1640 in
633 1571 696 1641 illis
731 1571 937 1661 excidendis,
975 1602 1074 1669 quam
1108 1603 1147 1646 ex

176 1739 321 1832 ipsarum
346 1738 504 1805 arborum
530 1735 719 1806 venditione
746 1738 984 1830 perciperetur.

221 1903 262 1970 In
285 1903 419 1971 diversis
448 1903 633 1990 regionibus
662 1901 759 1970 multi
790 1901 990 1972 studuerunt
1017 1905 1149 1972 nomine

177 2065 375 2159 reipublicae
408 2066 570 2134 culturam
605 2067 653 2132 rei
687 2065 866 2133 arborariae
903 2065 984 2134 curi
1020 2064 1151 2136 directa·

173 2251 388 2323 promovere,
429 2252 545 2298 verum
586 2227 640 2295 illa
675 2230 855 2317 conamina
877 2253 1042 2322 nusquam
1082 2230 1148 2297 seli·

181 2389 262 2460 cemv
285 2411 469 2458 successum
504 2389 710 2459 hahuerunt=
751 2410 865 2461 contra
900 2417 977 2462 vero
1010 2396 1046 2460 in
1078 2393 1146 2460 aliis

177 2555 363 2644 regionibus
403 2552 485 2622 iilud
523 2553 696 2622 consilium
730 2577 788 2619 sua
832 2561 950 2644 sponte
991 2578 1149 2645 prospere

121 2743 125 2750 ·
157 2709 351 2805 successit,
374 2718 531 2802 nimirum
550 2718 588 2783 in
609 2715 695 2802 illis,
720 2715 780 2780 ubi
802 2713 887 2802 illius
917 2715 1062 2783 culturae
1085 2735 1149 2786 stu·

179 2881 273 2950 dium
298 2880 396 2948 nullis
424 2877 597 2948 obstaculis
622 2877 882 2971 impediebatur,
915 2881 975 2947 ubi
997 2883 1066 2968 agri
1090 2883 1148 2950 im-

181 3067 294 3112 munes
332 3062 425 3113 erant
458 3043 498 3110 ab
534 3042 670 3110 aliorum
703 3041 886 3134 petulantie
916 3061 948 3110 et
977 3045 1150 3111 vexationi·

168 3209 260 3292 bus,
297 3224 414 3298 atque,
451 3229 533 3298 quae
569 3204 611 3272 ad
648 3199 801 3271 arborum
836 3205 1149 3298 transportationem

185 3369 412 3464 pertinerent,
445 3365 539 3434 facile
567 3385 605 3434 et
629 3367 701 3472 sine
731 3369 854 3455 magnis
873 3367 1045 3459 ¹impensis
1077 3367 1147 3436 fieri

181 3550 343 3626 poterant.
387 3531 451 3600 Ubi
470 3551 547 3600 vero
566 3529 647 3598 illud
666 3531 776 3600 locum
796 3533 956 3618 habebat,
982 3533 1028 3598 ibi
1041 3533 1150 3602 statim

181 3694 307 3783 lignum
335 3696 438 3764 carius
461 3693 673 3766 vendebatur.
719 3697 790 3782 Quo
817 3695 931 3782 fiebat,
956 3717 994 3766 ut
1022 3697 1149 3768 cultura

182 3860 335 3928 arborum
369 3860 418 3927 ibi
442 3863 538 3931 etiam
568 3859 684 3928 florere
717 3861 888 3952 inciperet.
935 3861 1044 3954 Atque
1067 3861 1148 3930 hinc

179 4021 274 4094 etiam
303 4023 416 4096 eadem
449 4027 610 4118 quantitas
642 4046 794 4114 agrorum
817 4027 986 4097 arboribus
1013 4027 1149 4098 consito
