2886 4992
632 413 636 423 ·
653 381 671 442 3

176 576 332 672 qupmdiu
345 576 482 642 arbustis
501 573 706 666 proferendis
731 577 968 646 accommodata
982 579 1132 647 sumunt.

174 739 255 808 Nam
285 739 399 838 majori
425 738 520 830 oopid
544 739 699 823 bamam,
728 763 827 830 quam
854 737 926 808 loca
951 741 1134 832 sylvestria,
1182 761 1185 772 '

182 907 367 991 continent,
397 929 458 972 neo
494 902 592 972 modo
626 905 822 998 compaginis
856 903 1002 974 defectus
1038 933 1144 976 eman-

148 1170 150 1178 γ
175 1067 290 1154 datur,
310 1066 368 1137 sed
394 1068 492 1140 otiam
517 1067 668 1136 humatos
696 1065 860 1138 retinendi
883 1070 931 1135 vis
954 1086 986 1138 et
1006 1069 1138 1138 facultas

176 1235 364 1323 adaugetur.
409 1237 519 1330 Atque
554 1237 641 1306 hano
664 1237 709 1304 ob
738 1261 865 1306 causam
900 1236 996 1303 etiam
1028 1235 1141 1306 altiora

177 1400 312 1470 adeost
337 1401 456 1470 sterilia
481 1401 617 1484 erioeta,
650 1401 818 1466 arboribus
851 1399 993 1485 consita,
1029 1417 1142 1492 postea
1195 1501 1197 1504 Ι

176 1565 217 1632 ad
247 1566 354 1652 fruges
387 1564 597 1658 proferendas
625 1567 759 1634 omnino
783 1567 896 1634 idonea
917 1567 1138 1636 inveniantur.

175 1731 337 1798 Praeterea
367 1732 448 1799 item
479 1731 632 1824 depressa
663 1749 695 1798 ot
723 1729 858 1796 humida
886 1731 957 1798 looa
989 1733 1143 1800 arborum

174 1895 296 1962 satione
323 1894 481 1962 diuturna
505 1894 778 1962 emendabuntur.
825 1893 919 1980 Quod
938 1899 965 1961 si
986 1899 1073 1962 enim
1089 1897 1142 1962 illa

174 2055 324 2126 'salicibus
349 2081 379 2127 v.
395 2082 425 2125 o.
448 2077 504 2126 aut
530 2057 610 2126 alnis
634 2078 869 2146 conseruntur,
904 2060 975 2125 fiori
1001 2062 1140 2152 poterit,

97 2209 102 2218 ⁵
176 2239 215 2290 ut
235 2239 340 2306 tersa,
363 2239 454 2288 antea
480 2221 521 2286 ad
549 2222 658 2307 fruges
685 2221 886 2288 seminandas
908 2224 1037 2315 inepta,
1068 2248 1143 2302 oon-

181 2383 276 2452 tinuo
289 2382 514 2450 delabentibus
532 2383 616 2450 foliis
637 2401 670 2451 ot
682 2384 830 2472 ramulis,
855 2388 943 2452 intra
963 2386 1064 2454 seculi
1075 2411 1145 2478 spa·

180 2548 263 2614 tium
286 2545 374 2614 illam
396 2546 601 2636 altitudinom
623 2551 780 2640 accipiat,
806 2573 889 2640 quaa
917 2573 988 2613 eam
1013 2549 1054 2612 ad
1080 2549 1146 2612 ftu-

183 2733 261 2795 gum
292 2711 448 2778 sationem
483 2711 635 2778 idoneam
663 2708 791 2776 reddat.
845 2705 931 2792 Quin
958 2708 1053 2774 otiam
1079 2710 1147 2795 agri

184 2873 309 2961 effoeti,
343 2875 402 2966 qui
434 2897 503 2940 non
538 2874 602 2941 nisi
636 2869 813 2940 admodum
851 2871 982 2963 copiosb
1019 2888 1053 2938 et
1087 2873 1147 2939 sra-

182 3053 304 3130 qusnts
327 3037 559 3106 stercoratione
587 3031 628 3101 ad
657 3037 780 3121 justam
807 3047 940 3102 messem
966 3037 1148 3127 percipian-

181 3198 258 3265 datn
291 3204 478 3292 praeparari
514 3219 669 3294 possunt,
706 3215 880 3293 postquam
916 3225 978 3292 pes
1005 3200 1151 3290 complu·

180 3387 232 3430 ros
261 3387 361 3430 annos
389 3363 424 3428 in
450 3363 551 3454 sylvas
576 3364 691 3430 mutati
717 3362 825 3448 suere,
848 3361 956 3428 denuo
978 3361 1150 3452 pristinam

183 3526 380 3600 fertilitatem
423 3552 514 3594 suam
552 3527 631 3596 adoo
662 3529 844 3620 recipient,
884 3544 941 3611 ut,
974 3525 1001 3591 si
1035 3547 1149 3591 rursus

184 3691 229 3760 in·
254 3688 317 3758 illis
348 3689 457 3777 fruges
494 3710 661 3777 serantur,
695 3692 810 3784 primis
842 3689 932 3754 annis
966 3685 1151 3768 timendum
1259 3683 1262 3688 ’

180 3852 240 3938 sit,
263 3877 306 3920 ns
330 3853 430 3922 culmi
450 3854 652 3944 longitudino
670 3875 703 3925 ot
721 3855 873 3944 gravitate
891 3854 949 3920 sut
973 3855 1007 3920 in
1031 3871 1151 3923 terram

189 3975 360 4088 desidant.¹
