2886 4992
652 401 694 466 29

193 650 329 736 majores
354 663 470 730 erunt,
492 645 519 710 si
540 642 670 736 plantae
695 663 714 707 e
740 639 909 706 seminario
935 635 1083 730 undique
1106 659 1152 704 se·

194 797 347 888 pimentis
375 791 576 862 circumdato
601 791 810 884 proveniunt.
854 787 898 856 Ut
916 787 1015 874 igitur
1036 787 1086 853 his
1108 789 1156 854 in·

194 941 368 1012 commodis
389 955 618 1027 succurratur,
638 965 664 1008 c
686 965 721 1008 re
743 936 992 1027 agricolaersts
1011 955 1049 1006 ut
1067 939 1156 1004 urbo-

188 1081 260 1178 res,
298 1115 382 1184 quae
407 1109 519 1184 postea
544 1093 580 1157 in
607 1089 686 1160 locis
712 1088 817 1182 planis
843 1107 876 1156 et
904 1087 1034 1180 apertis-
1055 1089 1156 1155 transi

91 1247 96 1256 '
186 1235 342 1305 serendae.
361 1237 446 1323 sint,
469 1259 487 1304 e
514 1235 672 1303 similibus
694 1235 855 1326 seminarii
868 1233 1149 1321 locissumantnr3

189 1403 302 1478 contra
327 1408 364 1452 ea
388 1409 480 1472 vero,
514 1383 746 1476 quihuslocus
770 1382 904 1451 calidior
927 1384 962 1450 in
985 1402 1154 1476 posterum
1176 1431 1180 1438 ·

121 1557 124 1561 ·
186 1531 366 1600 destinatus
400 1534 462 1618 sit,
492 1549 531 1600 ut
564 1532 623 1599 bae
650 1533 747 1600 etiam
770 1557 787 1599 e
814 1531 892 1602 locis
918 1503 1088 1601 seniinarii.
1107 1559 1155 1602 ca«

185 1679 357 1750 lidioribus
386 1698 553 1773 petantur.
597 1681 639 1749 Et
679 1680 952 1774 quandoquidem,
975 1685 1093 1750 nostris
1122 1699 1156 1750 et

184 1847 318 1921 patrum
335 1831 544 1921 temporibus
560 1829 656 1918 singli
677 1827 719 1896 ad
742 1831 827 1899 baec
846 1833 955 1898 omnia
975 1833 1153 1924 praecipue

188 1977 333 2043 animum
351 1970 598 2064 adverterunt,
634 1977 760 2046 idcirco
799 1981 912 2046 etiam
937 1977 1036 2070 apud.
1066 1981 1154 2072 ipsos

186 2125 310 2192 minore
333 2149 409 2192 cum
435 2123 583 2217 periculo
605 2125 724 2194 multae
746 2128 876 2194 arbores
899 2127 1036 2216 majores
1056 2127 1155 2200 simul
1225 2161 1226 2169 ¹

184 2295 226 2342 ex
249 2270 317 2340 aliis
343 2273 380 2336 in
406 2270 465 2338 alia
490 2271 562 2340 loca
583 2271 763 2342 translatae.
776 2293 865 2343 sunt.

193 2619 196 2626 .
227 2571 358 2660 Quarto
386 2571 469 2657 loco,
496 2569 583 2638 inter
611 2569 779 2640 commoda
805 2595 824 2636 e
847 2573 986 2662 proprio
1020 2575 1156 2641 semina·-

184 2717 235 2784 rio
258 2715 497 2806 redundantia,
521 2719 587 2788 hoc
615 2741 750 2812 quoque
775 2717 899 2786 referri*
917 2717 1034 2808 debet,
1058 2723 1152 2816 quod

181 2867 296 2954 majori
335 2865 504 2954 diligentia
538 2865 765 2935 animadverti.
789 2885 898 2959 potest
914 2865 1054 2937 -arbor'is
1094 2869 1155 2964 po-

179 3015 277 3102 sitio,
309 3017 354 3085 ita
383 3034 421 3086 ut
446 3015 500 3084 illa
527 3021 604 3110 p'ars
633 3017 775 3102 arboris,
807 3041 890 3109 quae
916 3019 952 3084 in
976 3019 1151 3087 seminario

185 3187 306 3234 versus„
322 3167 480 3235 orientem
502 3165 603 3234 solem
616 3171 768 3234 conversa
788 3164 920 3254 fuerit,¹
931 3189 1043 3233 rursus
1057 3191 1154 3236 feam«-

180 3309 261 3378 dem.
288 3311 482 3402 positionem
513 3315 549 3379 iu
576 3313 843 3406 transplantando
876 3315 1021 3407 recipiat.
1073 3315 1152 3385 «lun

180 3459 322 3551 antiquis
351 3459 562 3552 temporibus
582 3461 662 3530 haec
689 3464 795 3532 cautio
817 3462 964 3532 adhibita
987 3481 1053 3550 est,
1076 3471 1150 3534 eta?
1198 3437 1203 3448 .

73 3685 82 3704 ι
182 3613 229 3678 rei
257 3611 398 3680 rusticae
428 3612 643 3705 scriptoribus
674 3611 941 3698 commendatur,
974 3613 1024 3681 uti
1054 3632 1145 3706 patet

181 3753 222 3829 ei
257 3762 347 3832 hisce
384 3763 489 3833 verbis
527 3751 754 3832 coturnum:
789 3761 935 3832 »Omnes
962 3763 1147 3832 arbusculas

185 3914 379 4008 priusquam
413 3912 667 4000 transferantur,
695 3909 831 3979 rubrica
850 3927 963 3980 notare
976 3913 1145 3999 convenit,

4 4065 5 4076 ’
110 4081 120 4104 ·
180 4075 235 4142 ιιι,
269 4083 344 4130 cum
374 4080 538 4148 serentur,
574 4060 700 4134 eusdem
734 4058 814 4130 coeli
834 4081 943 4154 partes
966 4061 1139 4154 aspiciant,
