2890 4978
741 371 782 433 66

329 610 414 676 llinc
431 613 539 696 magni
559 613 717 677 momenti
737 628 803 694 cst,
827 609 1020 694 utagricola
1042 607 1083 674 ad
1103 608 1248 684 radicum

273 761 503 830 diversitatem
531 763 701 849 diligenter
727 763 889 848 attendat,
913 766 1071 856 atqueab
1086 765 1250 832 radicibus

287 910 470 978 adventitiis
499 913 601 1000 probe
626 909 801 997 distinguat
828 913 1041 1003 primitivam,
1076 936 1158 1004 quac
1183 938 1251 999 ger-

288 1061 470 1126 minationis
497 1078 639 1151 tempore
665 1085 731 1126 una
758 1085 835 1127 cum
862 1059 991 1128 duobus
1019 1061 1101 1128 soliis
1125 1065 1252 1154 progig-

288 1210 396 1281 nitur.
412 1232 515 1299 quum
530 1227 643 1275 contra
653 1233 688 1274 ca
700 1207 770 1275 illae
783 1208 976 1278 adventitiae
989 1215 1100 1302 postea
1118 1211 1249 1280 demum

287 1382 325 1422 ex
360 1375 478 1424 trunco
514 1357 566 1424 vel
599 1383 688 1452 ramo
721 1361 952 1452 circumposito
982 1379 1036 1428 aut
1063 1360 1144 1428 taleis
1177 1361 1251 1428 elici

286 1488 416 1571 soleant.
471 1507 655 1574 Primitivae
686 1525 793 1604 autem
826 1507 950 1574 radices
978 1533 1023 1574 ex
1050 1533 1087 1574 eo
1115 1509 1250 1596 dignos-

216 1747 217 1751 ,
290 1674 429 1741 cuntur,
453 1655 545 1748 quod
573 1654 786 1724 directionem
813 1651 936 1722 babent
959 1657 994 1720 in
1017 1656 1162 1747 proclive
1186 1682 1255 1724 ver-

234 1789 235 1792 *
287 1822 435 1890 gentem,
481 1829 586 1894 quum
624 1801 814 1870 adventitiae
856 1801 1075 1869 desectionem
1112 1804 1253 1870 babeant

288 1951 364 2042 plus
389 1953 534 2016 minusve
557 1949 686 2040 planam
709 1952 774 2015 sive
800 1949 1042 2026 horizontalem.

331 2099 453 2166 Verum
480 2097 540 2162 etsi
571 2057 908 2186 primitivae'radices
929 2098 964 2162 in
986 2098 1174 2162 universnm
1196 2121 1255 2188 po·

283 2249 434 2316 sirionem
459 2244 618 2314 declivem
647 2247 787 2330 habent,
820 2265 927 2312 tamen
952 2245 1159 2313 nihilosecius
1189 2246 1250 2314 hac

280 2397 324 2460 in
354 2412 447 2486 parte
474 2393 584 2460 adbuc
607 2396 642 2459 in
668 2392 818 2480 ejusdem
839 2396 958 2486 speciei
981 2395 1151 2460 arboribus
1173 2359 1254 2480 mag-

292 2567 373 2610 num
387 2540 566 2610 discrimen
585 2559 651 2627 cst,
674 2559 787 2608 utrum
805 2539 928 2608 scilicet
944 2541 1085 2607 radicem
1109 2538 1249 2630 palarem

294 2695 454 2777 habeant,
489 2719 529 2760 an
566 2693 604 2758 cb
638 2695 776 2760 careant.
822 2692 856 2760 si
887 2690 946 2756 hac
975 2689 1100 2782 palares
1127 2689 1252 2756 radices

290 2843 426 2907 intactae
449 2859 656 2926 manserunt,
679 2839 995 2932 perpendiculariter
1013 2841 1050 2904 in
1066 2857 1185 2942 terram
1198 2835 1254 2903 de·

292 2988 477 3074 scendunt,
510 3007 542 3055 et
573 2988 661 3054 baud
693 2991 741 3056 ita
773 2989 887 3056 multas
916 2987 1060 3056 laterales
1094 2985 1253 3054 radiculas

294 3140 427 3206 habent.
483 3115 561 3203 l'alis
594 3139 690 3204 arbor
720 3140 841 3226 majora
873 3140 1075 3214 incrementa
1105 3161 1195 3228 prae¹
1220 3160 1252 3202 sc

291 3290 380 3373 fert,
414 3305 525 3355 cortex
561 3287 632 3372 ejus
664 3285 787 3354 diutius
818 3288 918 3372 nitet,
949 3304 981 3353 et
1014 3309 1089 3354 ¹sero
1125 3284 1256 3353 undem

294 3437 391 3502 rimas
413 3438 497 3522 agit,
518 3435 607 3502 srons
629 3433 763 3502 viridior
787 3454 853 3520 est,
876 3454 908 3503 et
927 3429 1064 3514 trucciae
1085 3433 1254 3502 altitudine

299 3605 331 3654 et
351 3587 622 3677 proceritatesua
642 3584 818 3676 praecipue
841 3577 1037 3676 conspicuus
1057 3601 1115 3649 est.
1267 3639 1272 3655 ,

342 3733 426 3800 llaec
452 3759 554 3824 porro
574 3730 759 3818 commoda,
779 3755 862 3824 quae
884 3729 1007 3798 radices
1027 3729 1148 3820 palmes
1165 3728 1259 3794 arbo-

296 3885 386 3951 ribus
417 3883 575 3969 afferunt,
606 3885 668 3971 maj
676 3905 731 3949 ora
754 3881 849 3949 etiam
872 3879 974 3965 fiunt,
999 3876 1090 3994 quod
1108 3877 1258 3962 arbores,

294 4034 343 4100 bis
371 4029 532 4122 praeditae
553 4029 731 4116 radicibus,
757 4031 886 4096 densius
903 4048 990 4097 stane
1003 4048 1037 4096 et
1052 4049 1256 4095 succrescere
1316 4009 1324 4024 ⁸
