2890 4978
521 1135 705 1240 CAPUT
738 1139 840 1240 Vll.

248 1473 290 1526 Μ
313 1475 484 1526 stertunt
506 1475 565 1522 vttt
588 1476 812 1524 tesctsnttnnt
835 1480 955 1530 nentes
978 1482 1107 1532 Petunt.

267 2078 394 2182 Potitio
429 2111 577 2180 radicum
610 2137 709 2204 quant
736 2113 917 2206 plurimum
940 2117 1095 2186 conducit
1123 2120 1164 2187 ad

199 2262 322 2329 arboris
348 2263 606 2345 incrementum,
638 2261 818 2352 quinetiam
846 2263 947 2355 ipsius
973 2285 1056 2334 aetas
1083 2293 1166 2356 maga

201 2432 277 2474 nam
305 2425 433 2499 partem
457 2406 535 2474 inde
565 2409 696 2498 pendet.
742 2407 782 2474 In
812 2410 1000 2478 universum
1027 2432 1166 2483 statuere

198 2575 386 2651 possumus,
411 2556 520 2650 quod,
544 2579 612 2648 quo
633 2555 728 2624 altius
753 2557 850 2621 unius
875 2555 1088 2649 ejusdemque
1115 2585 1165 2646 ge-

200 2707 284 2773 neris
305 2707 434 2774 arbores
455 2707 492 2770 in
510 2704 649 2771 humum
665 2713 861 2796 penetrent,
883 2725 922 2769 eo
937 2701 1050 2770 melius
1066 2707 1162 2786 etiam

198 2856 295 2924 arbor
316 2873 437 2924 crescat
453 2871 486 2922 et
506 2870 642 2920 aetatem
658 2875 749 2918 suam
765 2850 859 2920 ferat
896 2852 1014 2922 Omnes
1036 2855 1158 2924 ctaleis

198 3004 249 3072 vel
267 3029 326 3096 per
349 3002 668 3096 circumpositionem
684 3019 876 3092 propagatae
891 3003 1020 3072 arbores
1038 3001 1164 3073 habent

198 3154 235 3218 in
259 3153 432 3243 superficie
460 3170 562 3220 terrae
586 3151 683 3238 magis
708 3150 875 3218 haerentes
893 3150 1036 3236 radices,
1061 3157 1161 3242 quarn

200 3300 291 3387 illae,
308 3325 420 3394 quaec
433 3301 608 3400 seminibus
622 3299 806 3394 prodeunt,
828 3303 950 3370 etiamsi
964 3301 1005 3368 ad
1024 3299 1161 3368 eandem

199 3451 343 3543 speciem
371 3443 577 3543 pe'rtineant..
619 3451 705 3520 Hinc
725 3441 759 3520 vt
779 3477 809 3520 c.
830 3453 912 3520 mori
938 3475 965 3543 e¹
982 3453 1158 3520 seminibus

200 3617 375 3691 prognatae
389 3596 452 3665 illis
474 3593 705 3692 praeferendae
717 3618 815 3687 sunt,
836 3623 919 3691 quae
938 3599 1026 3668 taleis
1045 3625 1164 3696 propa·

201 3765 287 3833 gatae
309 3765 405 3833 sunt,
426 3745 538 3816 laetim
560 3766 711 3817 crescunt
723 3766 757 3817 et
769 3747 954 3814 diuturnius
968 3749 1084 3818 vivunt
1098 3751 1159 3842 (l).

128 4027 134 4040 Ι
231 3967 360 4037 (1111111.
388 3982 415 4020 a.
444 3981 472 4020 c.
501 3981 665 4035 suuntur,
694 3969 736 4020 De
764 3967 931 4021 Vrimdoan
950 3970 998 4020 den
1018 3969 1174 4034 muman,

299 4058 375 4110 teet.
395 4057 419 4110 1.
439 4058 499 4110 131.

1002 4193 1022 4256 5
1060 4287 1062 4292 .
