2886 4992
739 353 776 421 tt

276 609 389 658 corum
405 585 454 656 vel
473 583 652 654 retardatus
669 583 719 654 vel
740 586 915 674 oppressus
932 609 993 678 per
1020 590 1101 655 aeris
1123 606 1234 661 atmos·

271 739 416 832 phaerici
444 736 622 805 naturalem
652 737 717 803 vim
743 755 777 802 et
807 737 1026 805 efficacitatem
1053 740 1160 828 (barb.
1180 719 1233 810 tul

269 887 454 977 fluentiam)
486 887 569 976 ipsas
600 909 736 972 gemmas
764 883 851 954 elicit
872 911 910 954 ac
939 887 1086 979 profert3
1109 889 1253 960 idcirco‘

269 1053 406 1130 possunt
440 1033 577 1102 laesione
618 1031 766 1102 radicum
807 1033 995 1104 viviradices
1031 1020 1098 1104 non
1136 1037 1234 1104 modo

269 1183 496 1278 multiplicari,
524 1184 754 1251 verumetiam
778 1176 820 1251 de
842 1185 1003 1254 industria
1021 1187 1068 1254 sic
1093 1187 1133 1252 ab
1158 1187 1238 1275 agri·

269 1333 345 1403 colis
380 1347 547 1418 augentur.
606 1331 646 1398 In
683 1329 849 1398 nonnullis
889 1331 1011 1400 scilicet
1046 1333 1234 1420 regionibus

266 1504 375 1549 rerum
404 1455 600 1548 rusticarum
628 1475 764 1546 studiosi
787 1478 853 1546 hoc
884 1479 1028 1547 remedio
1054 1482 1104 1548 uti
1130 1480 1236 1550 solent

265 1629 306 1698 ad
333 1617 589 1722 frequentendas
616 1629 744 1694 arbores
780 1627 816 1690 in
848 1624 944 1715 sylvis
973 1627 1107 1712 excisis,
1137 1627 1236 1695 modo

267 1779 326 1845 hae
360 1776 484 1845 idoneis
519 1775 561 1844 ad
597 1776 662 1843 hoc
691 1773 858 1860 negotium
890 1775 1060 1842 arboribus
1095 1777 1236 1846 consitae

267 1929 342 1998 sint.
385 1928 426 1994 In
454 1927 511 1994 illo
535 1943 641 1992 autem
663 1919 848 2014 peragendo
875 1923 920 1991 ita
941 1941 1120 1992 versantur.
1166 1923 1236 1993 Ter-

266 2099 336 2141 ram
361 2073 446 2138 circa
467 2089 603 2138 truncos
623 2068 767 2136 residuos
790 2067 886 2161 pald,
910 2087 1074 2161 quantum
1093 2088 1142 2138 sat
1167 2089 1234 2157 est,

267 2219 458 2304 defodiunt,
482 2216 570 2286 terri
596 2215 731 2284 nudatas
757 2235 789 2286 et
814 2235 1028 2308 prorepentes
1049 2241 1164 2309 parvas
1190 2241 1237 2285 ra·

267 2367 354 2435 dices
383 2365 534 2434 dissectas
562 2363 731 2448 attollunt,
759 2383 858 2456 atque
887 2383 989 2432 terrae
1021 2366 1065 2432 ita
1095 2365 1238 2453 infigunt

266 2533 304 2582 ut
318 2511 480 2607 particula
495 2510 624 2580 illarum
642 2535 742 2604 supra
757 2529 876 2578 terram
889 2513 1036 2580 emineat.
1058 2513 1144 2596 Quae
1159 2537 1237 2579 cura

267 2660 401 2756 quando
419 2685 495 2728 cum
518 2660 642 2728 ratione
660 2677 695 2726 et
717 2659 897 2761 necessarii
921 2661 1070 2728 cautione
1092 2659 1239 2729 adhibita

270 2829 336 2896 est,
359 2811 423 2875 hoc
443 2809 557 2894 efficit,
572 2827 610 2875 nt
623 2807 747 2876 radices
766 2831 868 2877 verno
889 2826 1034 2900 tempore
1053 2807 1235 2902 pullulent,

271 2977 369 3050 atque
392 2981 432 3024 ex
456 2955 517 3024 illis
541 2980 624 3026 nova
645 2983 683 3025 ac
705 2930 806 3025 densa
828 2957 915 3049 sylva
934 2978 1125 3028 succrescat.

312 3107 403 3175 Hanc
432 3107 561 3194 drbores
593 3106 798 3199 propagandi
828 3107 987 3174 rationem
1011 3109 1048 3174 in
1080 3106 1183 3175 Gallid
1204 3106 1240 3176 il·

163 3320 166 3326 .
272 3257 383 3324 lustris
412 3255 493 3322 Baro
511 3275 554 3322 ns
572 3275 744 3325 nosocuns
773 3255 864 3326 valde
884 3257 1139 3345 commendavit,
1162 3259 1241 3324 affir-

271 3429 378 3490 mans,
401 3429 443 3490 se,
457 3407 493 3471 in
518 3404 632 3493 ulmis,
655 3405 781 3498 populo
800 3406 873 3473 alba
895 3427 928 3476 et
949 3411 1077 3476 robinia
1099 3409 1239 3492 hujusce

274 3551 364 3620 modi
391 3557 629 3644 propagationis
663 3552 849 3645 periculum
876 3553 988 3622 fecisse
1013 3553 1074 3644 (l).
1119 3551 1240 3617 Verum

303 3765 345 3836 (1)
365 3762 671 3828 VianMonoouss3
679 3763 745 3813 essai
754 3777 802 3812 sur
811 3762 847 3814 les
855 3778 960 3832 moyam
968 3759 1135 3838 d'nmlliorcr
1143 3757 1246 3824 Pagri-

363 3857 466 3910 culture
482 3875 513 3910 en
530 3859 648 3921 Franco,
665 3853 905 3924 particulilremcnt
928 3851 993 3902 dans
1010 3852 1046 3904 les
1059 3851 1193 3919 provinces
1207 3849 1245 3900 tu

362 3949 445 4000 moins
481 3949 580 4014 rietes,
618 3953 643 3998 at
670 3949 830 3998 notamment
854 3960 885 3996 en
910 3925 1029 4007 sologne.
1065 3937 1141 3992 Paris
1167 3937 1244 3990 1822.
1327 3947 1330 3956 ·

365 4037 448 4091 Teme
465 4036 504 4091 ll.
522 4055 585 4106 page
605 4039 663 4091 190.
769 4036 771 4041 ’
