2886 4992
683 357 721 421 ‘tl

221 597 275 688 lit,
308 615 346 664 ut
372 596 467 664 etiam
494 591 570 662 lolia
595 595 662 662 sint
687 595 723 660 in
751 588 806 663 tali
833 597 948 678 arbore
974 598 1117 684 minora,
1150 617 1183 666 et

221 744 302 813 baec
329 767 399 812 suas
422 733 613 812 'functiones
629 744 755 810 ¹minori
778 768 854 812 cum
877 745 1017 812 efficacia
1037 767 1184 816 exercere
1281 841 1282 846 γ

222 911 354 988 queant.
400 894 509 986 Atque
539 911 719 986 propterea
745 911 850 961 motus
874 917 1048 964 succorum
1070 895 1106 960 in
1126 894 1185 960 hu-

216 1042 364 1132 jusmodi
382 1045 552 1111 arboribus
570 1041 693 1112 tardior
716 1061 780 1131 est,
809 1061 842 1112 et
863 1061 963 1116 strata
985 1042 1066 1132 ligni
1088 1045 1184 1112 nimis

221 1210 388 1285 compacta
430 1155 536 1281 fiunti
574 1193 664 1261 uude
701 1211 815 1286 postea
848 1193 1057 1264 adventantes
1094 1197 1186 1264 succi
1277 1185 1279 1192 ¹

218 1343 340 1430 majora
370 1341 602 1435 impedimenta
632 1343 824 1430 inveniunt,
864 1369 948 1437 quae
984 1345 1186 1414 incremento

184 1487 189 1494 ’
218 1491 341 1558 arboris
368 1515 469 1583 quam
490 1488 673 1581 plurimum
694 1509 827 1559 nocent.

215 1827 218 1830 ·
259 1789 411 1860 Secundo
444 1789 519 1860 loco
551 1787 666 1877 attuli,
695 1791 895 1858 arbusculas
922 1792 1027 1858 nimie
1055 1792 1119 1858 cito
1145 1779 1184 1858 in

214 1939 320 2006 albem
344 1939 493 2028 produci.

214 2125 218 2136 ·
262 2089 402 2157 Arbores
426 2086 526 2155 dense
546 2105 629 2155 satae
649 2087 749 2175 magis
775 2089 812 2154 in
837 2083 1060 2172 altitudinem,
1084 2109 1184 2178 quarn

215 2239 251 2302 in
277 2237 438 2302 ambitum
457 2251 619 2302 croscum.
663 2235 698 2303 si
716 2233 863 2303 fertilitas
885 2252 988 2302 terrae
1010 2253 1099 2308 tanta
1116 2252 1180 2321 est,

214 2403 253 2453 ut
281 2387 411 2452 arbores
437 2385 512 2454 satis
536 2407 704 2477 superque
731 2409 792 2476 per
818 2381 907 2454 illam
930 2383 1078 2472 alantur,
1109 2410 1183 2478 poss

208 2553 309 2622 snut,
347 2529 547 2630 quamquain
571 2535 676 2627 spisse
707 2551 809 2618 satae,
839 2550 947 2599 tamen
975 2531 1047 2597 illac
1073 2535 1184 2600 arbus-

209 2681 301 2751 ‘culae
325 2684 391 2750 cito
410 2705 627 2750 succrescere.

255 2833 297 2900 In
320 2829 428 2898 densis
449 2829 696 2898 enim.arbustis
721 2827 910 2896 moriuntur
940 2828 1005 2896 cito
1035 2829 1117 2898 rami
1136 2828 1178 2898 la-

210 2979 343 3067 tereles3
368 2980 490 3072 partim
513 2976 605 3072 quod
630 2975 721 3063 lolia,
736 2974 1066 3068 vdesecturadiorum
1086 2977 1178 3068 solis,

212 3127 437 3198 functionibus
460 3130 524 3196 suis
551 3152 620 3196 nou
643 3144 733 3196 recte
759 3127 810 3196 uti
829 3144 985 3220 possunt,
1010 3149 1072 3196 uec
1092 3131 1175 3198 rami

206 3277 390 3344 necessaria
410 3275 559 3344 alimenta
582 3275 769 3369 accipiunt,
791 3293 824 3344 et
845 3295 1178 3370 propterea,·exorto

161 3419 164 3424 ¹
208 3427 329 3515 frigore
341 3427 494 3512 minimo,
518 3427 777 3515 eitointereunt3
799 3429 921 3520 partim
935 3399 1175 3522 qnoquequod

208 3600 349 3666 gemmae
384 3576 420 3644 in
455 3575 555 3644 axillis
595 3597 682 3646 ortae
716 3601 776 3671 per
802 3576 987 3644 functiones
1017 3576 1172 3648 foliorum

204 3724 378 3796 retardatas
422 3723 534 3801 debito
571 3728 773 3796 nutrimento
806 3745 993 3795 caruerunt.
1051 3727 1172 3797 Contra

206 3861 302 3944 eain
333 3876 577 3962 cacuminibus,
610 3877 670 3944 ubi
705 3876 812 3942 omnia
844 3874 919 3944 folia
944 3875 1004 3944 soli
1024 3879 1168 3970 exposita

208 4041 303 4110 sunt,
335 4044 401 4096 tam
432 4026 616 4118 evaporatio
641 4047 839 4113 succorum,
870 4053 971 4120 quam
994 4025 1165 4100 elaboratio
