2890 4978
734 339 778 403 96

272 579 447 660 intereant,
487 575 544 642 sed
575 578 814 643 incrementum
840 575 918 663 ligni
953 601 1020 643 nou
1053 581 1229 670 comparari

270 726 391 817 poterit
427 748 503 792 cum
536 723 573 790 iis
600 725 788 809 arboribus,
819 725 942 816 quibus
965 726 1068 812 major
1087 725 1237 816 radicum¹

269 873 414 941 extensio
439 872 601 940 excisione
628 895 777 940 concessa
794 891 852 940 est.

312 1021 450 1090 Interim
486 1038 592 1088 tamen
623 1001 704 1088 haec
735 1019 856 1088 excisio
887 1021 953 1088 sive
985 1020 1106 1088 evulsio
1137 1024 1234 1090 nimis

268 1196 339 1238 sero
369 1171 494 1238 institui
528 1169 628 1256 solet,
664 1190 697 1238 et
729 1171 928 1264 plerumque
966 1190 1048 1240 tunc
1082 1172 1233 1259 demum,
1285 1202 1289 1210 =

1081 1259 1099 1296 Ι

271 1319 403 1412 quando
429 1318 510 1386 rami
527 1320 683 1386 arborum
704 1343 737 1386 se
755 1321 826 1406 jem
848 1318 908 1386 diu
932 1339 1048 1390 mutuo
1069 1321 1237 1414 implicue-

171 1495 178 1518 ·
271 1484 360 1534 runt.
401 1453 606 1558 'Plerumque
633 1468 722 1534 enim
745 1491 813 1535 non
836 1465 878 1534 ad
904 1467 940 1534 id
959 1469 1235 1556 animadvertunt,
1275 1529 1280 1539 .

267 1615 364 1706 spatii
395 1613 564 1682 defectum
588 1615 681 1706 prius
711 1616 773 1682 sub
810 1563 895 1684 teira
916 1617 1047 1702 sentiri,
1075 1643 1174 1708 quem
1201 1618 1236 1682 in

272 1773 366 1850 edre,
404 1766 449 1832 ita
483 1782 526 1832 ut·
560 1765 741 1856 saepissime
771 1761 894 1832 radices
923 1765 994 1852 jam
1025 1766 1167 1832 invicem
1197 1764 1240 1830 de

272 1917 462 1986 attractione
501 1938 675 1980 succorum
715 1913 773 1978 diu
812 1914 1022 1999 certaverint,
1060 1931 1239 2006 antequam

272 2081 420 2130 mutuam
434 2084 599 2128 ramorum
615 2058 872 2152 implicationem
889 2083 1011 2126 cernas.
1039 2059 1124 2126 Hinc
1142 2083 1239 2151 saepe

274 2210 395 2278 frustra
425 2209 615 2276 instituetur
651 2207 813 2300 quaedam
850 2207 990 2293 excisio,
1027 2207 1054 2273 si
1087 2208 1243 2272 nimirum

275 2357 403 2422 arbores
423 2356 493 2442 jam
513 2379 572 2446 per
600 2353 734 2440 longum
756 2347 887 2446 teinpus
915 2357 1010 2422 nimis
1029 2353 1128 2422 dense
1148 2357 1243 2443 juxta

277 2527 311 2570 se
330 2502 500 2572 collocatae
523 2503 624 2570 fuere.
653 2502 844 2570 'Istiusmodi
859 2503 996 2598 quidem
1012 2505 1142 2570 arboms
1162 2529 1245 2592 maga

279 2678 355 2720 nam
383 2651 610 2740 celsitudinem
639 2653 824 2745 accipiunt,
848 2671 881 2721 at
902 2651 1023 2745 paucos
1044 2618 1175 2719 tantum
1198 2674 1246 2716 ra·

278 2824 346 2866 mos
382 2800 523 2885 habent,
560 2819 592 2868 et
625 2801 793 2893 pauciores
825 2801 970 2887 radices,
1000 2801 1128 2893 quippe
1159 2811 1244 2890 'quae

281 2946 492 3040 multiplicari
525 2973 592 3016 non
627 2968 787 3041 possunt,
811 2949 965 3041 quoniam
988 2947 1247 3016 truncusnimis

280 3095 396 3182 longus
418 3114 485 3182 est,
507 3113 540 3162 et
563 3094 640 3163 folia
661 3121 733 3166 eam
759 3099 802 3164 ob
827 3121 954 3166 causam
976 3095 1071 3162 nimis
1093 3092 1245 3162 aradici·

282 3243 344 3310 bus
361 3261 484 3311 remota
510 3261 605 3330 sunt,
630 3245 674 3312 ita
696 3264 735 3313 ut
755 3243 832 3312 inde
849 3243 1016 3314 adscensio
1035 3262 1068 3311 et
1084 3242 1250 3310 descensio

285 3389 459 3458 succorum
477 3392 616 3458 nimium
639 3411 803 3483 quantum
825 3367 1034 3486 impediatur.
1080 3392 1150 3458 Hoc
1163 3393 1250 3458 enim

287 3541 488 3631 experienti-l
505 3540 638 3610 edoctus
659 3541 755 3625 novi,
777 3541 944 3632 siquidem
969 3541 1112 3632 optimus
1134 3559 1249 3630 parens

285 3711 374 3753 meus
398 3711 431 3753 se
458 3709 608 3758 coactum
624 3688 707 3758 vidit
728 3687 918 3756 exscindere
940 3687 1062 3780 sylvam
1075 3655 1252 3753 fraxineam

288 3851 428 3944 quatupr
458 3836 668 3928 jugerorum,
705 3838 765 3904 etsi
799 3838 929 3906 arbores
960 3853 1086 3904 tantum
1113 3833 1252 3925 quadra·

290 3989 376 4072 ginta
416 3976 516 4054 annos
554 4007 636 4056 satae
675 3990 821 4074 fuerant,
855 4007 954 4082 atque
987 3989 1022 4054 in
1055 4004 1140 4056 terra
1166 3986 1253 4052 benc
