2890 4978
643 365 683 430 77

159 608 161 616 ’
181 603 293 676 eadem
314 605 548 698 proportione,
564 629 628 696 qua
648 629 771 691 ramos,
794 629 955 691 erescere,
974 627 1005 676 et
1021 609 1088 676 illas
1107 633 1140 676 se

178 777 248 824 ¹non
275 779 369 848 posse
394 753 631 846 multiplicare,
675 756 919 848 quamprimum
946 757 1042 824 arbor
1077 782 1143 824 non

183 895 245 971 nisi
268 903 358 973 tarde
380 924 511 972 crescat.
557 904 665 998 Atque
695 906 895 1008 bincftiaua
912 907 1072 976 evanescit
1089 907 1142 974 illa

166 1052 197 1118 la
223 1051 332 1120 multis
359 1071 540 1145 tam,saepe
563 1052 689 1122 laudata
711 1055 812 1140 ratio,
834 1077 894 1122 cur
918 1055 1045 1124 arbores
1066 1074 1144 1124 tem·

179 1223 259 1291 pore
276 1199 483 1292 plantationis
507 1203 729 1268 cacuminibus
752 1203 816 1292 suis
841 1203 963 1293 privari
983 1201 1159 1287 debeant‚.

183 1365 222 1414 ut
254 1349 410 1416 nimirum
444 1347 569 1416 radices
605 1351 652 1416 sic
679 1347 791 1416 melina
818 1348 979 1440 explicare
1009 1373 1042 1418 se
1075 1374 1146 1442 pos·

179 1495 263 1580 sint,
287 1519 392 1588 quum
412 1495 465 1564 isti
487 1494 745 1588 multiperverse
759 1497 988 1588 opinionum,
1012 1521 1143 1584 suecos,

180 1639 222 1708 ad
242 1643 419 1710 cacumina
441 1642 554 1712 alenda
578 1646 789 1729 necessarios,
804 1663 880 1738 post
896 1645 1016 1712 borum
1035 1671 1145 1737 ampu-

769 1748 784 1782 Ο

180 1791 354 1877 tationem,
377 1793 474 1860 unice
506 1791 547 1858 ad
574 1794 729 1880 majorem
751 1795 968 1863 extensionem
994 1791 1142 1862 radicum

187 1937 383 2008 destinatum
408 1941 459 2006 iri.

224 2087 325 2156 Porro
355 2087 586 2171 animadverti,
619 2087 655 2154 id
685 2049 776 2180 qubd
803 2087 899 2176 vulgo
924 2090 1053 2175 fertur,
1076 2109 1143 2156 non

181 2259 310 2326 semper
338 2235 451 2303 locum
469 2234 607 2320 habere,
629 2236 884 2327 amputationem
911 2237 1035 2306 scilicet
1055 2261 1145 2306 cacu-

179 2384 306 2470 minum
324 2382 464 2452 multum
482 2383 635 2476 prodesse
652 2385 859 2452 incrementis
880 2356 1144 2471 arbusdnlarunr‚

179 2531 312 2625 quaudo
336 2550 482 2625 tempore
505 2533 627 2600 aestatis
648 2556 762 2618 magna
789 2531 915 2598 siccitas
937 2531 1143 2616 dominetur,

156 2707 282 2775 *quum
313 2700 426 2750 contra
455 2705 490 2748 ea
522 2679 744 2771 superioribus
780 2677 871 2743 aunis
901 2694 977 2766 post
1002 2695 1145 2768 amputa·

175 2828 297 2898 tionem
327 2826 513 2898 arbusculas
547 2828 592 2894 ob
626 2826 757 2892 nimiam
784 2825 960 2894 siccitatem
986 2827 1144 2896 interiisse

178 2977 325 3046 viderim.
373 2977 480 3060 ,causa
513 2977 613 3064 bnjns
642 2974 793 3042 interitais
830 2975 909 3044 baec
939 2993 998 3043 est.
1044 2973 1142 3048 Gaeu·
1211 2985 1214 2993 '

177 3129 320 3197 minibus
351 3127 461 3196 adhue
490 3128 666 3194 instructae
698 3121 886 3192 arbusculae
910 3125 980 3211 jana
1004 3123 1069 3190 cito
1092 3145 1144 3188 ex·

105 3301 107 3306 ·
177 3277 304 3372 plicant
339 3299 439 3344 verno
471 3249 616 3366 tempore
653 3297 723 3340 suas
757 3297 916 3362 gemmas,
953 3272 1048 3338 arbor
1071 3273 1142 3358 jam

178 3425 276 3519 plena
312 3421 481 3490 frondium
506 3441 573 3508 est,
609 3441 641 3491 et
666 3421 800 3491 radices*
821 3425 890 3510 jana
920 3419 993 3487 satis
1031 3438 1142 3488 auctae

141 3545 145 3557 .
178 3593 255 3644 sunt
292 3575 380 3644 circa
414 3572 639 3642 adventantem
674 3569 797 3641 aestatis
829 3569 1024 3655 siccitatem,
1060 3569 1143 3662 quin

137 3805 138 3808 Ἴ
179 3726 274 3794 edam
303 3723 465 3792 tenuiores
501 3719 650 3789 radicum
678 3719 777 3788 fibrae
803 3720 873 3806 jam
899 3715 992 3786 altius
1018 3718 1054 3784 in
1079 3717 1143 3784 hu·
1177 3808 1183 3816 Ι
1262 3783 1266 3792 .

180 3897 270 3940 mum
287 3889 521 3963 penetrarunt3
547 3893 629 3962 quae
656 3871 763 3936 omnia
779 3865 944 3953 efficiunt,
964 3852 1005 3934 'ut
1022 3865 1141 3932 arbori
1185 3883 1188 3889 “

182 4022 243 4086 bus
264 4021 388 4094 siccitas
411 4021 526 4094 aestiva
543 4019 748 4109 superiorum
763 4018 905 4108 partium
922 4033 1024 4103 terrae
1038 4013 1143 4080 minus
