2886 4992
655 373 799 442 ,tt

290 641 339 684 res
367 631 436 702 est,
467 613 633 708 siquidem
657 641 676 680 a
696 616 817 701 majore
838 603 902 680 vel'
920 615 1046 682 minore
1069 617 1256 686 arbusculae

292 763 534 834 transferendae
561 763 703 830 bonitate
727 762 840 842 omnis
857 759 1001 829 culturae
1025 786 1098 854 spes
1122 765 1255 856 pendet-¹

339 917 484 983 Primum
522 915 610 980 enim
638 915 722 1000 jam¹
741 931 850 1006 potest
886 939 1041 1003 magnum
1077 917 1256 986 discrimen

292 1062 502 1132 animadverti
532 1063 567 1128 in
594 1063 774 1130 tenerrimis
793 1063 959 1166 'plantiss
979 1077 1078 1158 quoni
1108 1067 1257 1158 primum

288 1215 389 1283 modo
412 1216 498 1304 ipsae
526 1237 544 1279 e
573 1231 671 1282 terra·
686 1213 895 1305 prodierunt.
940 1215 1067 1285 Omnes·
1087 1217 1214 1310 plantae
1236 1243 1255 1286 e

290 1359 378 1430 melis
394 1361 571 1428 seminibus
589 1379 695 1449 ortae,
719 1381 774 1431 aut
793 1383 1041 1458 quae'tempore
1056 1367 1267 1458 germinatio·⁸

289 1512 339 1579 nis
361 1509 574 1599 laesaesunt,
597 1535 666 1580 non
681 1513 755 1582 satis
770 1514 890 1582 virium
907 1513 948 1581 ad
968 1514 1256 1586 convalescendum

286 1660 434 1748 babent,
455 1678 488 1728 et
505 1662 576 1749 jam
595 1662 661 1730 cito
677 1661 854 1730 intereunt.
901 1659 1030 1730 Plantae
1047 1681 1155 1729 autem
1173 1688 1257 1755 quae

288 1809 593 1905 comprehendunt,
631 1809 771 1876 multum
804 1776 914 1876 adhuc
940 1833 1014 1876 ese
1033 1811 1176 1878 invicem
1192 1809 1267 1878 dia·
1347 1849 1350 1856 ν

287 1981 442 2055 erepant,
472 1965 499 2026 si
528 1959 569 2025 ad
592 1958 721 2025 illarum
743 1959 1127 2050 incrementarespieias;
1167 1958 1254 2026 Aliae

286 2108 366 2174 laete
383 2121 614 2191 succrescunt,
635 2103 712 2172 aliae
732 2104 835 2173 tarde.
866 2106 952 2191 Quae
972 2098 1256 2200 minus-prospere

286 2253 492 2350 procedunt,
506 2251 638 2320 illarum
651 2253 854 2322 incrementa
872 2255 908 2322 in
918 2253 985 2322 dies
999 2257 1124 2324 minora
1136 2275 1251 2327 ernnte

174 2441 178 2450 -
284 2391 518 2497 impedimenta
540 2401 575 2467 in
597 2401 849 2493 transponendis
870 2404 1040 2472 arboribus
1069 2407 1163 2476 obvia
1195 2403 1256 2474 dis-

288 2547 632 2652 iieultergperserent,
663 2568 715 2636 et,
747 2551 807 2618 ubi
821 2552 1045 2644 'transpositae
1073 2570 1170 2638 sunt,
1193 2576 1256 2644 per

286 2698 579 2794 omne-reliquum*
599 2719 726 2794 tempos
759 2701 866 2768 minus
893 2699 1257 2794 prospere‘eresoentes

286 2851 503 2943 reperientur.
539 2847 867 2941 Quaecunque‘enim
885 2851 999 2936 arbor,
1023 2873 1106 2942 quae
1118 2875 1136 2915 a
1149 2847 1256 2940 prims

254 3085 257 3090 ¹
287 3000 419 3087 origine
438 3021 508 3064 sue
526 2995 691 3066 infirmior.
702 3015 735 3066 et
753 2995 921 3066 deterioris
937 2999 1069 3066 naturae
1085 2999 1150 3081 est,
1177 3017 1257 3062 sem·

288 3147 430 3243 pertalis
452 3147 613 3234 monebit,
636 3146 758 3216 etiamsi
770 3163 873 3232 terra,
895 3152 951 3210 aer
973 3162 1008 3213 et
1029 3142 1255 3232 alberonem,

290 3317 459 3391 quantum?
474 3314 616 3390 queant,
637 3295 679 3364 ad
696 3297 798 3390 ipsius
811 3295 1050 3364 incrementum
1063 3261 1268 3364 conserenti¹

334 3449 529 3542 Quicunque
547 3447 646 3536 igitur
670 3411 728 3512 sun
746 3443 915 3512 constituit
940 3444 1126 3528 seminaria,
1148 3457 1256 3532 potest

290 3599 397 3667 omnia
422 3598 482 3666 ista
512 3597 634 3698 pejoris
665 3593 860 3663 conditionis
890 3595 1021 3660 arbusto
1040 3611 1200 3676 unovere,
1222 3605 1257 3658 et

291 3741 361 3818 non
383 3749 446 3814 nisi
469 3748 559 3817 bona
588 3746 629 3816 ad
658 3739 940 3836 transponendum
962 3739 1133 3826 adhibere,
1146 3737 1257 3810 'modo

295 3917 404 3986 curet,
426 3898 501 3966 satis
532 3897 645 3990 ampla¹
660 3895 777 3962 habeat
798 3891 987 3976 seminario,
1010 3911 1092 3981 quae
1115 3887 1257 3954 arbustis

213 4031 221 4054 '
289 4054 470 4128 abundent.
514 4053 623 4143 Longe
650 4050 741 4126 aliter
760 4070 837 4121 vero
864 4049 929 4118 hoo
955 4067 1029 4112 sure
1047 4041 1155 4136 ,babet
1183 4065 1258 4110 oum
