2890 4978
643 396 684 462 ot

193 638 256 706 hoe
277 633 597 706 animadvertendum
616 653 681 722 est,
704 637 876 704 fossionem
896 654 996 706 terrae
1016 641 1052 706 in
1069 641 1146 711 loeis

193 791 349 877 arenosis,
378 790 567 881 praesertim
597 814 703 882 quum
728 809 847 858 terram
875 791 1046 885 perfodere
1072 793 1146 862 veiis

192 927 297 1030 usqne
329 937 372 1004 ad
404 961 505 1030 aqrrae
539 937 662 1025 fontes,
694 955 840 1030 tempore
875 941 992 1010 aestivo
1025 941 1151 1009 institui

186 1083 328 1173 debere,
366 1084 457 1178 qnod
491 1083 548 1154 illo
582 1105 729 1180 tempore
754 1087 791 1154 hi
822 1088 926 1157 fontes
960 1089 1054 1158 altius
1088 1093 1152 1158 snb

190 1253 276 1302 terra
319 1232 451 1321 sedent,
497 1253 532 1303 et
570 1253 744 1326 propterea
783 1239 886 1325 major
926 1261 1001 1330 pars
1036 1263 1149 1306 arenae

192 1383 355 1451 fontinalis
389 1409 407 1450 e
439 1342 666 1476 profunditate
701 1385 850 1474 protrahi
888 1403 1014 1476 potest,
1046 1395 1152 1478 'atque

190 1532 265 1598 satis
310 1548 436 1599 constat
477 1531 562 1600 hano
594 1554 612 1597 e
645 1529 813 1623 profundo
845 1532 991 1601 haustam
1022 1559 1151 1603 arennn

189 1678 275 1746 inter
306 1677 513 1746 fertilissimas
551 1697 651 1746 terras
687 1678 889 1762 referendam
921 1704 998 1749 esse.
1052 1681 1151 1750 secus

178 1845 299 1894 antem
320 1850 388 1893 sese
410 1826 581 1894 res'hahet
599 1851 675 1894 oum
693 1827 781 1894 terrai
798 1825 963 1914 argillosd,
987 1853 1069 1920 qnae
1089 1853 1151 1898 aes·

189 1990 254 2042 tate
272 1974 367 2040 nimis
386 1972 470 2040 dura
488 1973 543 2060 fit,
565 1991 600 2042 et
620 1992 795 2067 propterea
813 1976 965 2068 inprimis
988 1975 1050 2043 illis
1072 1979 1150 2046 anni

186 2125 352 2192 mensibus
377 2121 532 2193 fodienda
556 2143 622 2210 est,
643 2125 680 2191 in
700 2125 821 2216 quibus
848 2143 934 2194 terra
956 2123 1067 2194 adhue
1088 2125 1149 2193 hu·

152 2337 156 2350 ,
187 2271 275 2340 mida
295 2289 354 2340 est.

229 2569 293 2636 Pro
322 2563 506 2638 diversitate
533 2586 637 2682 terrae
662 2587 695 2637 et
721 2569 876 2635 arborum
898 2569 996 2636 etiam
1022 2567 1148 2638 diversa

184 2713 268 2784 illins
285 2715 502 2810 praeparandi
519 2717 602 2784 ratio
618 2714 794 2784 necessaria
808 2731 866 2781 est.
910 2713 945 2782 si
963 2732 1048 2784 terre
1065 2713 1149 2798 dura

185 2884 218 2936 et
236 2885 404 2960 compacte
425 2884 492 2952 est,
517 2860 856 2954 neeessariotquidem
882 2863 986 2949 major
1014 2887 1092 2930 eura
1115 2882 1149 2931 et

185 3013 350 3102 diligentia
377 3016 412 3081 in
445 3011 622 3082 laborando
654 3011 850 3101 requiritur,
879 3011 1031 3101 quamsi
1064 3027 1149 3076 terra

187 3150 305 3232 naturd
333 3163 393 3230 sni
422 3163 525 3230 rarior
553 3179 618 3246 est:
649 3159 783 3226 interim
809 3176 917 3228 tamen
946 3157 1043 3226 etiem
1064 3157 1146 3225 ratio

184 3308 338 3380 habenda
360 3326 408 3377 est
435 3306 628 3408 plantandae
654 3308 787 3376 arboris.
831 3305 974 3393 Quodsi
995 3306 1082 3372 enim
1103 3303 1146 3374 lo-

186 3483 262 3528 cum
282 3455 371 3550 pinis
395 3454 543 3548 plantare
569 3455 663 3544 velis,
690 3455 776 3524 illins
797 3455 862 3525 loci
881 3451 987 3522 solum
1008 3471 1147 3524 tantum·

184 3605 283 3676 modo
308 3602 526 3694 frangendum
547 3623 610 3692 est,
638 3604 697 3673 sed
723 3605 751 3672 si
771 3602 850 3672 alins
873 3602 996 3690 generis
1017 3602 1146 3670 arbores

184 3757 219 3824 in
235 3756 349 3825 eodem
369 3753 426 3822 iilo
446 3753 519 3824 loeo
541 3752 617 3825 velis
640 3753 813 3839 collocare,
835 3750 924 3846 idern
937 3750 1021 3818 illud
1040 3751 1146 3820 solum

183 3905 227 3974 ita
248 3903 506 3997 perfodiendum
522 3922 570 3973 est
576 3955 587 3992 ,
610 3883 648 3974 tit
665 3903 719 3972 illa
730 3904 817 3971 intus
838 3900 938 3972 latens
962 3927 1057 3970 arena
1073 3903 1143 3970 fon·

63 4151 66 4157 Ι
179 4053 282 4124 tinalis
304 4083 322 4124 e
342 4056 511 4154 profundo
537 4057 738 4142 extrahetur,
759 4073 792 4124 et
815 4055 1014 4149 superiorem
1030 4050 1140 4120 locum
