2886 4992
767 375 790 440 4

341 581 478 650 Interim
497 597 604 649 tamen
634 575 871 647 observandum
898 591 962 658 est,
991 575 1145 644 sationem
1169 577 1259 642 arbo

299 771 375 814 rum
396 771 465 815 non
491 745 595 814 ubivis
623 743 737 810 eodem
774 717 850 808 cum
880 740 1050 806 commodo
1077 739 1187 808 locum
1208 739 1264 804 bai

296 911 374 978 bere
396 931 501 1000 posse.
545 905 603 972 Illa
631 903 758 973 cultura
780 903 828 970 ibi
849 903 1027 995 praecipue
1049 904 1166 989 majori
1187 926 1263 970 cum

297 1076 410 1144 fructu
420 1072 650 1160 adhibebitur,
672 1073 733 1140 ubi
755 1069 909 1160 agricolae
926 1089 1046 1141 terram
1065 1050 1156 1139 antea
1178 1072 1263 1137 bene

294 1239 441 1323 subigere
459 1254 615 1328 possunt,
639 1254 671 1304 et
692 1237 772 1304 satio
792 1259 869 1304 eum
889 1235 1068 1304 necessarii
1089 1234 1170 1302 curd
1191 1255 1264 1325 per-

294 1400 349 1468 lici
374 1418 493 1492 potest.
539 1401 634 1486 Quod
660 1419 698 1469 ut
726 1419 814 1470 recte
844 1401 919 1488 fiat,
950 1397 1090 1468 subinde
1122 1398 1257 1484 majores

291 1581 417 1632 sumtus
440 1563 582 1631 faciendi
605 1583 700 1654 sunt,
724 1565 784 1658 qui
810 1564 900 1630 baud
927 1563 1021 1632 facile
1047 1565 1088 1630 ab
1116 1561 1260 1650 agricolis

291 1726 524 1818 expenduntur
551 1727 587 1792 in
613 1725 674 1794 illis
701 1727 903 1812 regionibus,
927 1728 986 1792 ubi
1009 1727 1153 1818 pretium
1180 1725 1261 1812 ligni

291 1892 445 1978 exiguum
475 1909 534 1958 est.
579 1891 688 1980 Atque
714 1885 840 1956 idcirco
869 1888 973 1974 major
1003 1889 1147 1958 minorve
1171 1890 1262 1994 arbo-

235 2147 237 2151 ·
291 2077 368 2118 rum
397 2047 607 2148 serendarum
643 2047 770 2118 cultura
802 2049 963 2142 inprimis·
978 2051 1075 2118 etiam
1097 2050 1263 2143 pendete

294 2209 399 2292 futuri
424 2209 512 2277 lucri
540 2211 789 2302 exspectatione.
835 2211 900 2278 Ubi
927 2214 1015 2280 enim
1045 2216 1174 2282 arbores
1206 2213 1265 2283 uili
1340 2201 1343 2208 ¹

292 2377 399 2468 pretio
426 2375 633 2460 venduntur,
666 2375 714 2442 ibi
739 2330 898 2443 laboriosa
912 2370 913 2374 ¹
927 2395 1029 2444 terrae
1061 2379 1264 2472 praeparatio

296 2539 405 2608 locum
438 2541 559 2606 habere
581 2563 652 2607 anon
678 2557 804 2632 potest,
838 2557 871 2608 et
894 2505 1085 2633 propagatio
1107 2544 1263 2611 arborum

293 2721 427 2781 naturae
460 2703 652 2790 benignitati
696 2702 792 2790 vulgo
834 2701 1044 2795 relinquitur.
1104 2706 1262 2790 Quoniam

290 2888 371 2934 vero
393 2863 575 2932 istiusmodi
601 2891 619 2930 a
642 2865 760 2932 natura
786 2882 981 2959 propagatae
1010 2864 1115 2956 sylvae
1139 2872 1262 2934 tantam

292 3028 471 3124 utilitatem
500 3043 533 3093 et
566 3043 654 3094 tanta
686 3028 853 3096 commoda
882 3026 1029 3116 proferre
1048 3050 1116 3093 non
1138 3027 1260 3114 solent,

294 3218 395 3285 quam
427 3208 495 3259 arte
521 3189 682 3275 consitae,
704 3189 796 3258 facile
817 3186 1029 3276 intelligitur,
1056 3191 1172 3282 quanti
1194 3215 1259 3258 mo-
1348 3179 1351 3182 ’

297 3361 401 3428 menti
423 3380 473 3425 res
496 3356 538 3423 sit
561 3355 715 3422 arborum
739 3357 819 3423 satio
836 3357 872 3422 in
893 3353 956 3424 illis
982 3357 1094 3442 terris,
1117 3355 1176 3422 ubi
1195 3378 1259 3445 pro

292 3517 382 3608 ligno
404 3519 586 3590 venditores
608 3517 722 3606 majus*
735 3520 881 3610 pretium
906 3523 1078 3614 percipere
1103 3537 1258 3610 possunt,

293 3702 327 3752 et
360 3687 591 3774 transportatio
624 3684 804 3772 lignorum,
837 3711 855 3754 e
887 3687 982 3780 sylvis
1007 3687 1043 3752 in
1072 3685 1143 3755 loca
1164 3684 1260 3754 desti·
1338 3691 1345 3698 ’

295 3864 385 3934 nata,
407 3845 504 3914 nimis
524 3872 652 3936 magnas
666 3850 827 3942 impensas
840 3851 929 3919 baud
943 3851 1051 3937 exigit.
1096 3826 1157 3916 Has
1170 3849 1259 3916 enim

292 4011 482 4082 necessarias
515 4001 676 4105 impensas
714 4014 868 4086 arborum
901 4013 1109 4106 sylvestrium
1141 4013 1256 4085 sationi
