2890 4978
559 1149 563 1156 .
608 1049 795 1148 CAPUT
822 1049 904 1147 xl.

409 1387 451 1434 DE
473 1385 633 1435 ARBORUM
654 1387 920 1437 Petavonium
941 1385 1101 1435 Tenem.

343 2021 418 2122 liin
434 2055 642 2146 multumque
662 2053 867 2147 disputatum
890 2075 956 2143 est,
979 2075 1092 2125 utrum
1112 2060 1243 2126 arbores

276 2225 420 2296 tempore
439 2202 635 2288 autumnali,
652 2229 693 2270 an
712 2222 825 2271 contra
842 2228 878 2271 ea
892 2223 1037 2297 tempore
1056 2206 1179 2274 vernali
1194 2206 1247 2274 de·

278 2351 471 2446 plantandae
496 2351 580 2435 sint,
595 2341 598 2348 ¹
613 2368 646 2417 et
676 2349 727 2417 vel
743 2351 803 2418 .sic
832 2369 939 2419 tamen
962 2353 1003 2419 de
1029 2378 1066 2421 eo
1096 2355 1247 2423 nondum

277 2500 397 2566 harum
424 2523 535 2566 rerum
561 2497 659 2590 periti
678 2499 894 2566 consentiunt.
940 2501 1148 2592 Experientia
1168 2505 1248 2570 inte-

278 2655 341 2748 rim
362 2671 471 2720 tamen
489 2673 548 2718 noo
572 2648 684 2734 docet,
706 2649 828 2716 utrovis
852 2666 998 2741 tempore
1011 2651 1140 2718 arbores
1154 2650 1243 2719 felici

278 2821 432 2866 successu
456 2797 597 2889 plantari
617 2821 722 2890 posse.
768 2795 849 2862 Mihi
872 2794 1004 2865 videtur
1029 2815 1157 2890 tempus
1178 2820 1278 2864 ven·

281 2975 361 3016 num
381 2949 438 3015 has
460 2948 502 3013 ob
526 2971 634 3014 causas
657 2948 755 3034 magis
776 2945 952 3014 idoneum:
966 2965 979 2992 ⁸

332 3251 374 3316 1⁰.
410 3244 516 3330 Magni
538 3242 695 3308 momenti
717 3258 783 3326 est,
803 3259 841 3308 ut
861 3242 975 3328 arbor,
997 3243 1156 3333 usquein
1172 3264 1248 3310 ver-

285 3419 367 3484 num
399 3411 547 3486 tempus,
583 3413 693 3458 omnes
728 3389 850 3458 radices
884 3415 956 3457 suas
988 3392 1136 3460 retineat.
1182 3391 1251 3460 Etsi

284 3545 371 3612 enim
386 3543 482 3609 arbor
498 3561 644 3634 tempore
659 3535 800 3630 hyemis,
823 3557 862 3607 ut
875 3541 919 3608 ita
946 3537 1070 3626 dicam,
1094 3541 1248 3632 quiescit,

282 3705 388 3763 tamen
418 3689 542 3760 radices
579 3683 751 3757 nonnullos
783 3711 897 3756 succos
921 3687 1097 3771 hauriunt,
1128 3688 1248 3780 quiin

282 3843 411 3910 arbores
442 3836 547 3930 (quod
564 3839 645 3905 rami
668 3854 722 3903 aut
741 3832 826 3902 nihil
848 3852 903 3903 aut
921 3859 1040 3927 parum
1058 3832 1157 3903 modo
1177 3859 1235 3905 eva

281 3990 414 4082 ponant)
441 3988 610 4054 maximam
639 4003 767 4078 partem
791 4003 978 4070 remanent,
1000 4003 1034 4053 et
1049 3985 1251 4053 occasionem
