2886 4992
741 349 782 414 48

269 607 438 685 posterum
468 589 578 658 eadem
606 591 729 659 ratione
755 591 796 656 ab
817 587 924 656 altero
951 587 1137 682 discrepare
1161 589 1237 659 sole-

156 839 164 862 ,
271 741 413 830 bata
483 753 521 835 A

315 875 366 956 Εἰ
385 889 435 956 his
457 887 590 980 adparet
608 889 727 976 igitur,
751 905 914 980 qnantum
935 886 1021 954 lue'ri
1038 889 1124 954 bona
1137 907 1241 957 terrae

273 1031 475 1131 praeparatio
500 1033 654 1122 agricolae
683 1035 804 1103 afferat.
860 1031 971 1128 aitque
995 1037 1031 1102 in
1054 1025 1244 1104 universum

269 1204 435 1278 tamqnam
465 1209 579 1252 norma
605 1185 720 1273 agendi
747 1187 866 1252 assumi
893 1203 1019 1278 potest,
1046 1188 1175 1253 arbores
1202 1211 1241 1254 eo

269 1333 378 1402 laetius
403 1350 436 1399 et
461 1335 557 1401 eitius
586 1323 750 1422 creseere,
776 1357 845 1426 quo
872 1333 966 1404 altius
994 1353 1028 1403 et
1051 1334 1238 1423 diligentius

267 1501 351 1552 terra
372 1483 532 1552 elaborata
552 1486 605 1554 sit.

308 1633 527 1718 Quinetiam
562 1635 598 1700 in
634 1633 820 1726 plantandis
847 1634 993 1722 pinnbus
1022 1635 1110 1700 hona
1133 1649 1237 1700 terrae

269 1777 631 1874 praeparatiominime
652 1805 887 1872 supervacanea
910 1778 1060 1846 habenda
1085 1797 1152 1864 est,
1181 1780 1242 1846 etsi

268 1931 420 2000 nonnulli
446 1950 584 2022 putant,
613 1931 691 2017 hors
700 1953 817 2019 operae
843 1929 986 2019 pretium
1010 1952 1078 1994 non
1097 1951 1183 2013 esse,
1207 1943 1239 1994 et

266 2077 391 2170 plantas
413 2079 527 2170 quovis
549 2075 617 2142 fere'
640 2075 713 2143 loeo
728 2101 809 2144 eum
824 2074 941 2142 eodem
962 2059 1095 2144 sucessu
1115 2075 1239 2167 deponi

265 2248 371 2316 posse.
415 2222 527 2316 Nuper
539 2242 647 2292 autem
660 2243 749 2292 reete
762 2223 989 2324 animadvertit
1004 2225 1139 2312 diligens
1151 2249 1238 2312 agro-

265 2399 340 2442 rum
360 2374 465 2444 cultor
478 2378 513 2442 iu
528 2377 683 2444 comitatu
696 2359 930 2467 Zutplaaniensi
945 2377 1117 2461 habitans,
1140 2400 1241 2442 unam

269 2547 310 2592 ex
346 2527 481 2610 eansisp
509 2549 568 2592 eur
602 2526 638 2590 in
669 2525 773 2616 patria
805 2527 930 2592 nostra'
946 2542 1011 2591 tam
1044 2548 1120 2592 raro
1153 2527 1240 2592 bona

266 2645 378 2764 pineta
407 2673 634 2758 inveniantur,
666 2697 731 2740 esse
761 2675 797 2739 in
823 2697 862 2740 eo
887 2671 1111 2766 querendam,
1148 2675 1240 2766 quod

267 2837 353 2888 terra
382 2819 429 2886 ad
458 2821 584 2912 plantas
616 2822 685 2889 illas
714 2823 916 2916 recipiendas
949 2849 1019 2892 non
1053 2827 1127 2894 satis
1154 2827 1238 2892 bene

270 2987 482 3063 praeparetur
497 2969 572 3060 (2).
593 2969 749 3069 Nonnulli
763 2991 883 3065 putant
896 2971 1122 3041 elaborationis
1136 2973 1237 3059 hujus

268 3109 400 3189 sumtus
428 3119 524 3186 nimis
554 3143 685 3208 magnos
697 3130 700 3138 '
712 3122 867 3208 saturon,
888 3120 980 3213 quod
1001 3141 1118 3190 tamen
1130 3129 1135 3136 '
1148 3145 1240 3190 secus

300 3488 342 3559 (1)
361 3487 394 3542 Β.
419 3504 457 3543 un
480 3501 602 3552 aruer,
625 3487 693 3539 Over
708 3487 751 3538 aar
768 3485 914 3553 anataggm
931 3505 984 3540 vau
1003 3485 1137 3554 berachen3
1153 3489 1244 3556 'nitge-

357 3596 439 3646 grven
456 3583 522 3632 door
535 3581 565 3632 da
579 3577 772 3644 Mausolum
784 3591 837 3628 vau
851 3577 1005 3630 habento
1023 3585 1048 3631 te
1058 3579 1242 3646 Amaterdear,

363 3668 439 3718 1831.
457 3669 546 3720 blada.
565 3667 608 3718 22.

298 3757 341 3828 (2)
361 3755 427 3810 vid.
448 3759 516 3810 Ovar
531 3760 580 3810 den
594 3756 690 3822 analag
704 3771 735 3806 en
753 3755 784 3808 de
798 3757 945 3822 tewarktng
961 3773 1014 3808 van
1022 3727 1245 3824 weretegronden

358 3864 422 3902 voor
445 3849 475 3899 dc
497 3849 703 3912 lent-meltune,
729 3863 794 3900 vuer
815 3865 862 3900 avo
878 3865 924 3902 ver
940 3849 1039 3908 dezelve
1059 3866 1112 3902 van
1131 3867 1175 3902 em
1188 3867 1242 3916 ge-

358 3939 536 4009 lijltsoerligm
552 3941 621 3992 eard
635 3940 711 4014 sijup
725 3937 766 3990 als
781 3939 821 3990 die
838 3941 866 3990 in
875 3939 1086 4008 ltetgruafrchup
1098 3941 1239 4010 Zutpltm,

269 4071 273 4074 -
359 4031 465 4084 wordm
478 4031 620 4094 revendere.
646 4025 886 4100 Zatphaa,·1eee.
902 4029 994 4085 blada.
1014 4029 1058 4082 ⁵2.
