2886 4992
605 303 706 422 ‘ts

204 594 299 662 etiam
314 590 370 656 hic
391 585 505 674 agendi
526 585 642 654 medus
663 582 758 654 valde
784 586 1043 674 commendatur,
1065 609 1164 684 atquc

203 768 240 812 re
253 765 328 814 vera
341 732 473 832 quoque
487 735 575 804 illam
589 734 902 805 commendationem
915 757 1066 808 meretur.
1088 741 1167 810 Nam

205 913 304 962 novas
335 886 546 973 arbusctdae,
570 888 605 952 in
631 885 694 952 illis
724 886 803 954 locis
832 889 1068 976 conserendae,
1098 917 1165 962 non

207 1059 273 1112 tam
295 1037 387 1108 facile
407 1035 532 1104 radices
554 1054 702 1122 agerent,
725 1055 901 1128 propterea
915 1035 1006 1128 quad
1020 1039 1169 1108 inventu·

201 1212 255 1274 rae
278 1205 385 1256 essent
403 1205 521 1270 terram
538 1183 702 1254 radicibus
721 1187 880 1272 majorum
901 1186 1056 1254 arborum
1074 1189 1168 1257 nimis

202 1333 379 1426 repletam3
408 1359 514 1428 quum
540 1351 652 1404 contra
675 1295 709 1400 ea
736 1357 796 1424 per
815 1335 1073 1404 submersionem
1099 1361 1168 1405 sur·

205 1481 271 1552 culi
289 1501 381 1554 natae
399 1505 468 1551 non
481 1499 610 1570 tantum
623 1481 688 1550 suis
701 1480 824 1548 viribus
838 1479 982 1568 alantur,
1003 1481 1167 1552 sedetiam

201 1656 315 1704 succos
339 1658 357 1698 a
383 1632 486 1722 stirpe
505 1628 602 1699 simul
623 1630 804 1721 accipiant,
827 1648 859 1700 et
879 1631 964 1700 hanc
977 1634 1019 1698 cb
1040 1657 1168 1704 causam

198 1803 266 1852 non
286 1776 386 1851 modo
411 1779 506 1847 citius
530 1795 701 1868 crescant,
718 1801 835 1850 'verum
857 1780 952 1849 etiem
974 1783 1168 1850 sufficientes

196 1926 322 1998 radices
348 1928 598 2013 nanciscantur,
620 1945 659 1996 ut
682 1926 916 2018 impedimenta
944 1953 984 2000 ex
1006 1932 1169 2016 maiorum

199 2078 351 2148 arborum
388 2075 553 2146 radicibus
575 2095 645 2148 crta
668 2101 737 2146 non
750 2074 838 2147 ‘adeo
860 2077 1010 2148 sentiant.

256 2373 460 2463 Prcpcqctta‘c
492 2396 553 2461 per
589 2374 784 2440 viviradices
827 2372 865 2446 fit
905 2371 1066 2461 surculis,
1107 2377 1167 2466 qui

196 2523 281 2590 circa
307 2522 436 2590 arbores
463 2544 503 2588 ex
533 2522 679 2612 ipsarum
711 2520 875 2592 radicibus
909 2539 1026 2611 sponte
1054 2545 1169 2610 prove-

195 2643 314 2740 niunt,
355 2672 421 2738 Hae
453 2695 532 2738 vero
565 2673 714 2754 arbores,
744 2691 826 2760 quae
860 2665 1021 2763 ejusmcdi
1048 2691 1168 2759 propa·

197 2821 284 2906 gines
306 2821 400 2886 nobis
420 2819 583 2904 offerunt,
612 2815 735 2886 radices
761 2816 899 2900 habent,
923 2839 1063 2908 quarum
1082 2816 1163 2888 situs

147 2967 153 2982 '
192 2969 329 3040 maxime
370 2985 569 3037 transversus
602 2983 661 3036 est.
716 2964 755 3032 In
786 2963 838 3032 his
865 2965 964 3050 igitur
998 2963 1164 3032 radicibus

194 3141 333 3202 gemmae
364 3118 443 3186 oriri
469 3115 607 3202 solent‚·
622 3138 721 3206 quam
748 3110 892 3204 primunr
922 3111 1045 3212 scilicet
1070 3114 1161 3180 succi

192 3265 396 3356 qudcunque
428 3263 559 3330 tandem
590 3261 632 3330 de
668 3262 762 3328 causb
795 3261 851 3330 hic
881 3260 930 3332 vel
964 3259 1030 3328 illic
1060 3261 1162 3350 impa-

188 3409 347 3497 ducam,
372 3434 441 3503 quo
461 3411 567 3483 minus
588 3409 721 3482 ulterius
741 3409 895 3503 progredi
917 3423 1047 3506 queant.
1093 3407 1161 3477 Hae

189 3580 296 3632 autem
336 3585 478 3650 gemmae
512 3559 609 3632 modo
641 3563 791 3653 protinus
827 3584 845 3631 e
879 3576 967 3625 terra
1002 3555 1158 3648 prodire,

189 3711 287 3782 modo
319 3714 415 3780 etiam
450 3687 689 3808 aliquantulum
723 3709 785 3775 sub
817 3707 855 3772 ed
888 3693 1095 3798 preserpere,
1126 3721 1159 3771 et

186 3880 269 3956 tunc
295 3885 395 3934 novos
420 3861 578 3948 ramulos,
611 3862 738 3953 bosque
760 3857 870 3926 statim
894 3854 1155 3936 frondescentes,

192 4007 372 4081 diffundere
403 4011 518 4082 solent.
572 4011 612 4077 Et
646 4005 914 4101 quandoquidem
949 4025 1055 4076 motus
1088 4027 1158 4070 suc·
1207 4101 1209 4106 Α
