2886 4992
646 345 687 408 33

175 549 516 675 ubomtoribmt'qui
538 599 619 650 satas
642 607 659 648 a
680 604 716 648 se
737 581 868 648 arbores
891 579 957 646 aliis
984 581 1141 650 vendunt.

175 736 302 804 llorum
325 735 477 818 interest,
502 749 540 800 ut
566 749 631 799 tam
649 727 744 800 malas
764 754 863 822 quam
878 731 978 796 bonas
992 731 1144 828 arbuscu-

172 885 237 971 las,
266 884 293 950 si
322 884 467 976 possint,
494 879 649 950 vendant.
694 879 760 948 Nec
789 903 863 947 raro
888 880 1006 946 harum
1032 905 1143 948 rerum

173 1057 240 1100 uon
268 1033 342 1100 satis
371 1032 472 1124 periti
494 1049 632 1098 emtores
661 1030 790 1099 abistis
811 1027 896 1096 lucri
919 1027 1046 1120 cupidis
1067 1055 1142 1099 ven-

171 1182 334 1250 ditoribus
373 1168 483 1271 decipi
519 1177 641 1265 solent,
680 1180 871 1270 praesertim
908 1203 1013 1270 quum
1045 1204 1141 1272 saepe

168 1329 348 1398 admodum
371 1301 502 1396 difficile
523 1329 587 1412 sit,
615 1325 651 1392 in
672 1324 847 1394 crescendo
875 1343 1077 1394 remanentes
1105 1346 1139 1395 et

172 1478 341 1550 deterioris
366 1496 500 1547 naturae
528 1473 714 1544 arbusculas
737 1503 755 1542 a
776 1478 870 1544 honis
893 1503 1068 1548 secernere.

213 1775 311 1844 Scato
335 1779 423 1862 loco,
445 1777 576 1842 arbores
599 1775 635 1842 in
658 1775 800 1868 propriis
828 1777 1010 1844 seminariis·
1026 1779 1141 1866 majori

175 1949 255 1994 cura
271 1943 305 1992 et
326 1923 435 1992 studio
456 1922 555 1990 effodi
578 1942 728 2018 possunt.

187 2133 188 2138 ,
220 2073 260 2140 In
278 2074 469 2142 'universum
481 2073 705 2160 agriculturae
725 2071 876 2142 studiosis
896 2071 1046 2142 nondum
1070 2076 1144 2144 satis

173 2245 365 2314 persuasum
385 2239 449 2306 est,
478 2221 668 2307 diligentem
688 2222 810 2288 arboris
826 2221 1028 2290 effossionem
1046 2249 1145 2317 quam

144 2373 156 2394 '
173 2369 355 2462 plurimum
369 2367 553 2436 conducere
565 2367 606 2435 ad
620 2370 742 2436 arboris
752 2371 966 2439 incrementa.
990 2370 1143 2440 Nondum

171 2519 245 2587 satis
266 2517 436 2605 diligenter
455 2493 651 2604 advertith
675 2535 713 2584 ut
728 2519 884 2584 arborum
898 2516 1022 2620 radices
1044 2545 1145 2608 quam

176 2670 307 2736 minime
336 2665 527 2753 laedantur,
557 2684 591 2734 et
623 2665 818 2758 parsimonia
843 2663 879 2728 in
905 2661 1071 2730 radicibus
1098 2667 1145 2732 in-

171 2838 257 2906 tegre
291 2817 458 2886 servandis
492 2812 679 2882 collocanda
706 2813 946 2886 arboratoribus
973 2811 1071 2902 vulgo
1097 2807 1144 2880 ni·

170 2968 229 3034 mis
257 2966 388 3055 molesta
421 2984 453 3034 et
479 2961 689 3057 dispendiosa
717 2985 784 3028 esse
807 2961 898 3030 solet.
945 2963 1142 3058 Quicunque

169 3116 269 3201 igitur
286 3140 477 3206 persuasum
491 3114 633 3200 habent,
658 3112 811 3198 amajore
830 3111 987 3180 minorive
1004 3111 1141 3182 laesione

167 3259 329 3328 radicum
354 3285 502 3350 magnam
537 3279 666 3352 partem
696 3245 874 3353 penderes
894 3277 1008 3330 uuum
1042 3264 1139 3330 arbor

166 3407 260 3476 laete·
274 3419 467 3476 succrescat*
479 3427 512 3476 et
532 3407 689 3502 ampliora
708 3411 909 3478 incrementa
930 3410 1051 3501 capiat,
1074 3437 1138 3482 nec

167 3579 226 3642 πο,
249 3554 350 3624 iidem
370 3554 419 3624 illi
445 3555 514 3624 lere
539 3582 723 3651 numquam
749 3559 985 3646 observabunt,
1006 3563 1137 3630 arbores

168 3707 275 3799 pretio
292 3723 417 3798 paratas
440 3704 555 3774 debiat
572 3705 743 3794 diligenti&
764 3707 891 3776 effossas
908 3733 984 3778 esse.
1029 3711 1137 3799 Infra,

168 3857 226 3924 ubi
235 3856 277 3924 de
288 3858 443 3927 arborum
452 3855 620 3926 effossione
628 3859 785 3951 proprius
795 3856 928 3926 dicendi
939 3858 1029 3930 locus
1043 3858 1142 3929 nobis

36 4007 66 4090 'y
167 4003 249 4088 crit,
272 4002 312 4072 de
335 4004 474 4080 utilitate
496 4006 596 4093 hujus
620 4009 741 4094 negotii
761 4008 864 4076 fusius
883 4008 1068 4103 loquemur.

959 4167 977 4226 3
