2890 4978
639 381 706 446 103-

188 647 287 714 runt,
300 649 376 693 ·2sua
405 627 492 716 ipsae
523 625 556 689 ‘vi
583 623 618 686 in
650 638 769 687 terram
802 609 1032 682 descendent*
1058 613 1150 680 Hauc

188 777 304 866 agendi
329 800 477 844 normam
502 797 595 864 saepe
620 789 686 839 tam
709 767 795 836 felici
819 791 897 834 oum
923 787 1160 856 successu-op-

190 931 289 998 timus
318 946 411 1020 pater
431 947 522 992 meus
543 921 713 1006 adhibuit,
734 935 774 989 ut
790 937 924 988 eventus
947 915 1153 1008 exspectatio·

193 1101 270 1144 uem
291 1079 391 1168 ipsius
414 1075 508 1161 louge
526 1091 709 1164 superaret.

239 1367 339 1434 Variis
367 1364 486 1432 -uaodis
530 1365 634 1430 eonati
663 1381 747 1446 sunt¹
780 1364 897 1432 herum
923 1387 1033 1431 rerum
1062 1366 1164 1457 periti·

192 1519 346 1584 arborum
367 1515 687 1608 pomprebepsionem
704 1513 867 1602 adjuvare.
911 1516 1016 1584 dior.
1032 1539 1061 1583 o.
1081 1538 1163 1583 non-

194 1637 277 1734 nulii
305 1664 440 1734 suleoml
462 1663 593 1732 ducunt
621 1665 747 1750 oiroum
774 1682 930 1732 truncum
956 1665 1099 1752 arboris,
1123 1647 1177 1733 ut·

194 1821 313 1910 aquam
333 1815 509 1909 pluvialem
531 1817 579 1882 ita*
596 1778 756 1902 colligant.
799 1813 897 1899 Quod
912 1833 1020 1881 tamen
1043 1817 1163 1907 impro-

195 1965 342 2034 bandum
378 1963 518 2033 ridetur.
569 1962 658 2030 'Nam
699 1982 844 2054 tempore
879 1963 1034 2055 pluvioso*
1064 1966 1163 2032 nimia

194 2138 296 2206 aquae
319 2113 569 2207 eopianoiroum
588 2113 738 2180 ‘arborem
765 2115 902 2205 ejusque
928 2103 1086 2181 truueum
1104 2139 1161 2181 re·-

195 2263 359 2330 mauebits
388 2285 494 2353 quum
522 2277 634 2328 eontra
661 2284 697 2326 ea
726 2262 785 2328 iste
811 2260 917 2328 faetus
938 2259 1053 2330 sulcus
1074 2282 1175 2331 tem--

199 2437 280 2504 pore
304 2411 424 2480 aestivo
449 2412 605 2498 majorem
619 2411 727 2478 *etiam
751 2411 939 2478 siceitatem
953 2412 1056 2480 affert.

244 2561 354 2630 Unum
386 2567 437 2628 'eir
459 2562 590 2654 optimis
623 2557 774 2627 remediis
803 2576 914 2625 contra
937 2560 1073 2626 'nimiam
1097 2563 1174 2629 air-³

203 2713 333 2780 uitatem
369 2712 404 2776 in
439 2733 477 2777 eo
496 2711 677 2794 *consistit,
709 2726 749 2776 ut
778 2726 896 2775 terram
926 2709 1053 2776 circum
1079 2712 1171 2778 arbo·

199 2864 243 2931 ris
280 2881 438 2930 truncum
475 2858 630 2926 eonfervb
677 2857 861 2944 cingamus,
894 2857 988 2944 eujus
1021 2847 1170 2951 superior

205 3009 341 3101 quidem
366 3033 441 3101 pars
468 3006 693 3092 conduresrit,
721 3004 777 3072 sed
795 3007 884 3074 intus
906 3025 1012 3074 tamen
1036 3008 1171 3076 humida

169 3141 173 3152 ’
204 3175 332 3226 maneta
365 3158 553 3248 praesertim
591 3179 697 3248 quum
730 3179 840 3250 aquae·
863 3178 996 3248 vapores
1015 3180 1072 3235 ‚ex
1098 3167 1176 3226 aere

205 3306 298 3376 avide
321 3309 477 3394 imbibat,
499 3327 534 3376 et
555 3309 604 3376 sio
632 3327 752 3376 terram
770 3311 902 3402 penitus
916 3310 1069 3376 exsiccari
1081 3309 1176 3377 baud·

203 3459 297 3526 sinat.
348 3458 507 3548 Quopiam
528 3481 605 3526 vero
631 3459 667 3524 in
693 3461 844 3524 omnibus
866 3459 944 3525 loeis
971 3457 1059 3525 illam
1084 3449 1179 3527 oon-3

204 3608 328 3675 servam
356 3627 424 3674 non
453 3607 494 3672 ad
523 3633 654 3674 manum
682 3608 856 3694 babemus,
891 3619 1030 3700 praestat
1054 3599 1178 3679 terram

209 3759 506 3826 circumtruncum
528 3760 652 3826 arboris
674 3761 826 3846 obtegere
846 3758 953 3846 foliis,
976 3781 1008 3830 et
1034 3761 1095 3831 illis
1114 3783 1174 3832 ter·

207 3931 276 3974 ram
304 3909 545 4001 superinjicere.
592 3908 757 3976 Praeterea
788 3907 823 3972 in
855 3905 932 3975 locis
963 3907 1172 3976 sterilioribus

210 4076 241 4124 et
267 4057 362 4124 aridis
389 4058 564 4126 admodum
586 4058 664 4126 utile
692 4077 740 4124 est
763 4059 901 4126 humum
929 4063 1053 4129 circum
1073 4062 1172 4127 arbo-
