2890 4978
747 403 788 468 68

332 607 439 718 Quum
468 654 544 700 vero
568 636 611 698 ob
636 593 777 700 radicem
802 632 944 722 palarem
968 633 1135 726 hujusque
1161 659 1243 702 com*

286 781 382 848 moda
399 781 479 849 satio
498 779 663 867 glandium
676 779 824 871 inprimis
846 779 943 866 digna
960 781 1023 867 sit,
1048 808 1131 872 quae
1155 809 1244 852 com.

284 931 456 998 mandetur
483 933 518 996 in
544 929 639 1020 sylvis
669 927 795 996 caeduis
824 929 998 1016 faciendis,
1029 931 1125 1018 magis
1145 934 1243 1000 etiam
1273 1001 1276 1008 ,

281 1060 395 1170 eadem
413 1088 467 1154 illa
481 1089 563 1154 ratio
586 1084 808 1176 commendari
830 1084 929 1153 debet
947 1087 982 1150 in
1005 1083 1162 1172 ejusmodi
1181 1085 1243 1177 syl·

284 1238 347 1322 vis,
372 1237 511 1327 quarum
532 1236 660 1300 arbores
683 1233 760 1302 velis
782 1252 820 1301 ut
846 1233 887 1300 ad
908 1236 1031 1322 justam
1051 1233 1240 1320 magnitudi-

282 1409 358 1450 nem
388 1400 421 1451 et
445 1383 662 1450 maturitatem
689 1383 891 1473 perveniant.
934 1381 1014 1450 Nam
1039 1382 1242 1474 experientia

281 1531 390 1600 edocti
415 1532 589 1616 novimus,
619 1530 742 1622 sylvas,
775 1555 915 1623 quarum
941 1533 1074 1598 arbores
1094 1529 1172 1596 inde
1198 1531 1239 1598 ab

283 1681 458 1746 seminibus
469 1702 598 1772 semper
616 1679 731 1747 eodem
743 1642 816 1747 loco
828 1697 1031 1764 manserunt,
1046 1678 1189 1746 laetiores
1205 1697 1239 1746 et

279 1826 466 1895 excelsiores
493 1829 623 1894 arbores
649 1826 815 1918 proferre,
838 1843 870 1892 ct
891 1824 1021 1894 meliora
1042 1825 1128 1914 ligna
1149 1849 1237 1918 prae-
1265 1831 1271 1838 “

280 1977 373 2061 bere,
397 2000 496 2066 quam
516 1973 605 2058 illas,
629 1961 712 2064 quae
730 1997 770 2039 ex
795 1973 946 2064 plantatis
965 1973 1145 2047 arbusculis
1163 1999 1238 2070 con·

273 2125 403 2192 stitutac
421 2124 498 2190 sint·
1027 2089 1031 2096 Ι

317 2271 387 2338 Hoc
419 2271 507 2339 enim
539 2288 625 2340 certe
656 2273 700 2338 ita
729 2295 763 2338 se
788 2272 885 2340 habet
903 2273 939 2340 in
959 2272 1037 2341 locis
1060 2274 1118 2340 ubi
1150 2291 1237 2342 terra

274 2417 420 2506 argillosa
460 2445 606 2507 magnam
645 2419 849 2488 altitudinem
889 2423 1009 2509 habet,
1042 2442 1075 2490 et
1114 2423 1237 2492 radices

275 2569 420 2660 quamvis
443 2567 505 2636 alte
532 2551 709 2636 interram
737 2567 987 2654 descendentes,
1016 2593 1145 2662 semper
1164 2595 1235 2636 ean·

272 2716 348 2782 dem
375 2735 477 2784 terrae
502 2719 646 2810 speciem
670 2716 857 2803 offendunt,
889 2717 939 2784 vel
967 2719 1061 2785 etiam
1095 2721 1130 2784 in
1158 2717 1236 2786 locis

240 2913 242 2918 .
271 2868 428 2958 arenosis,
464 2869 521 2934 uhi
553 2867 678 2936 diversa
698 2887 797 2936 strata
819 2867 965 2955 ejusdem
988 2871 1109 2957 generis
1132 2887 1230 2955 sunt,

270 3039 380 3106 neque
403 3011 502 3081 modo
524 3013 675 3100 duriora,
700 3015 797 3082 modo
822 3014 984 3101 molliora,
1011 3017 1232 3107 reperiuntur.

270 3165 366 3252 Quod
405 3167 434 3232 si
466 3141 555 3230 enim
589 3159 653 3233 hoc
686 3166 794 3233 locum
820 3189 888 3232 non
918 3165 1034 3252 hebet,
1055 3170 1234 3260 amputatio

178 3393 181 3404 Α
270 3314 386 3382 radicis
415 3313 530 3406 palaris
558 3311 649 3381 valde
679 3314 767 3382 utilis
795 3339 871 3382 esse
897 3319 1023 3408 potest,
1046 3335 1078 3385 et
1112 3341 1236 3386 couscr-

269 3463 356 3531 vatio
375 3466 445 3549 ejus
467 3461 559 3532 haud
576 3486 650 3530 raro
669 3463 778 3530 arbori
798 3429 980 3556 peruidiosa
999 3463 1094 3534 soret.

313 3613 353 3678 ln
374 3613 563 3681 universum
581 3612 681 3686 statui,
700 3629 827 3702 potest,
849 3612 991 3682 radicem
1009 3613 1150 3704 palarem
1168 3637 1231 3680 am·

265 3759 446 3854 putandam
470 3770 555 3830 css'e:

311 3914 350 3981 1⁰.
384 3909 517 4004 quando
532 3929 638 3997 terra,
666 3912 701 3976 in
724 3934 789 4000 qua
806 3911 955 3978 arborem
972 3907 1118 4002 plantare
1141 3905 1230 3979 volu-

261 4085 349 4144 mus,
382 4085 448 4126 non
483 4061 579 4126 unius
616 4059 828 4150 ejusdemque
861 4062 984 4146 generis
1019 4077 1085 4146 est,
1109 4057 1166 4128 sed
1190 4061 1225 4128 in
1325 4101 1328 4107 ·
