2886 4992
678 410 695 472 7

198 611 376 694 debemus,
407 608 496 700 apud
533 631 608 695 nos,
645 627 682 677 ut
712 612 783 697 jam
823 635 922 703 supra
962 619 1164 708 monuimus,

195 771 300 864 sylvas
324 771 440 859 majori
465 796 543 840 cum
572 769 738 859 diligentia
767 790 800 841 et
832 797 911 840 cura
937 776 1042 844 excoli
1057 809 1066 848 ι
1083 803 1160 872 quo

195 935 258 1020 lit,
286 951 325 1002 ut
357 932 405 1001 illi
434 935 501 1022 agri
528 935 571 1003 ob
599 937 755 1024 majores,
780 961 869 1029 quas,
888 921 1071 1030 praebent,
1096 967 1168 1011 nsu-

192 1122 245 1167 aas
275 1101 373 1168 etiam
397 1101 513 1188 majori
549 1101 655 1192 pretio
685 1101 858 1168 maximam
894 1121 1023 1195 partem
1054 1104 1168 1174 distra-

118 1329 124 1340 ,
193 1261 328 1330 huntur.
382 1263 530 1357 lienique
569 1264 665 1331 etiam
700 1263 827 1332 silentio
859 1288 929 1332 non
961 1283 1167 1358 praetereun-

193 1421 278 1490 dum
313 1441 382 1510 est,
417 1425 595 1491 maximnm
629 1423 760 1494 lucrum
782 1453 852 1495 non
881 1453 1008 1522 semper
1037 1431 1166 1524 percipi

80 1637 81 1642 η
192 1609 234 1652 ex
262 1584 324 1652 illis
346 1583 460 1676 sylvis,
482 1587 519 1652 in
547 1587 668 1678 quihus
692 1613 760 1658 non
783 1593 847 1660 nisi
867 1597 994 1664 arbores
1017 1595 1059 1663 ad
1080 1597 1163 1664 aedi-

154 1846 158 1856 ·
192 1749 361 1819 litandum
375 1747 513 1820 idoneae
527 1752 744 1846 reperiantur.
790 1755 893 1839 Quam
915 1758 1060 1848 primum
1074 1759 1162 1826 enim

196 1913 238 1980 ad
259 1912 419 2001 ejusmodi
446 1915 576 1982 arbores
602 1939 620 1981 e
653 1915 750 2006 sylvis
772 1917 808 1984 in
834 1916 944 1985 locum
968 1916 1164 1989 dunnauun

191 2077 456 2172 transportandas
489 2104 622 2166 magnac
652 2080 815 2171 impensae
839 2082 1016 2148 necessario
1053 2081 1161 2174 requi·

190 2261 329 2330 rantur,
358 2242 446 2334 sylva
470 2242 608 2328 caedua,
632 2267 674 2310 ex
694 2244 833 2310 arbustis
861 2246 1010 2336 querneis
1039 2243 1092 2312 vel
1117 2269 1161 2312 sa·

189 2404 302 2494 ligneis
331 2424 502 2492 constans,
531 2408 629 2494 magis
654 2405 801 2476 lucrifica
827 2410 900 2476 erit.

229 2569 331 2636 Porro
355 2569 392 2634 in
430 2570 534 2661 patria
568 2587 679 2637 nostra
704 2568 822 2636 adsunt
847 2571 972 2652 omnia,
1008 2591 1092 2657 quae
1116 2568 1157 2634 ad

187 2730 449 2823 amplificandam
479 2733 528 2798 rei
570 2732 749 2799 arborariae
795 2728 956 2804 culturam
995 2749 1160 2824 spectent.¹

190 2893 246 2962 Illa
284 2897 391 2964 ubivis
428 2913 484 2964 aut
509 2896 610 2963 bonas
637 2894 702 2962 rias
724 2894 840 2978 habet,
870 2911 926 2960 aut
955 2919 1073 2986 aquas,
1095 2919 1156 2987 per

186 3083 266 3150 quas
293 3058 378 3146 ligna
412 3060 447 3125 in
474 3083 585 3128 omnes
604 3059 674 3146 ejus
704 3074 811 3149 partes
835 3059 1000 3127 transvehi
1020 3077 1154 3150 queant.

186 3220 442 3312 Impedimenta,
474 3247 557 3314 quae
595 3221 690 3313 sylvis
728 3221 934 3289 conserendis
969 3221 1066 3309 vulgo
1100 3225 1157 3289 ol>

185 3402 291 3470 stant,
315 3382 406 3476 apud
419 3407 477 3452 nos
490 3384 603 3472 exigua
621 3403 714 3470 sunt,
739 3403 771 3452 et
784 3386 997 3477 proprietates
1019 3382 1152 3474 publice

185 3549 426 3618 custodiuntur.
475 3546 525 3616 Ob
555 3571 637 3639 quae
675 3545 844 3615 commoda
875 3569 942 3612 non
974 3545 1153 3613 verendum

185 3730 254 3800 est,
278 3735 320 3778 ne
336 3710 501 3798 lignorum
522 3712 628 3801 pretia
649 3709 739 3802 apud
766 3732 823 3774 nos
847 3708 943 3772 nimis
960 3708 1151 3774 imminuan-

182 3893 247 3944 tur.
293 3877 402 3967 Atque
423 3874 498 3944 ideo
527 3875 623 3942 etiam
645 3890 784 3966 possunt
802 3870 963 3958 agricolae.
978 3873 1039 3940 hic
1061 3873 1150 3964 apud

182 4061 240 4104 nos
274 4041 309 4104 in
337 4038 433 4130 sylvis
465 4037 670 4108 conserendis
695 4038 832 4122 majores
865 4057 990 4106 sumtus
1016 4038 1142 4104 facere:
