2886 4992
670 376 713 440 53

127 702 130 708 Ι
204 618 344 684 humum
373 631 543 707 penetrare
573 617 742 706 poteraut,
772 613 869 681 modo
896 631 1002 682 autem
1018 615 1083 696 hio
1101 615 1169 684 iilic

206 767 449 852 retinebantur,
480 765 516 832 in
553 764 714 854 ejusmodi
748 766 833 832 bene
871 783 1059 857 praeparata
1087 785 1173 834 terre

207 937 336 980 sursum
357 931 392 982 et
415 911 569 982 deorsum
595 937 663 982 sese
683 937 747 1006 pro
769 914 865 982 libitu
890 931 1079 982 convertere
1099 937 1172 1007 pos·
1218 955 1219 958 =

205 1075 293 1164 sunt.
340 1059 375 1128 Si
398 1058 499 1128 multa
527 1059 638 1154 pluvia
659 1059 700 1128 de
722 1059 812 1128 coelo
837 1061 873 1126 in
896 1077 1016 1128 terram
1037 1057 1172 1146 dieidit,

205 1231 290 1300 aque
318 1208 468 1277 facillime
494 1232 554 1302 per
581 1210 667 1278 hano
690 1209 885 1278 elaboratum
904 1226 1024 1277 terram
1044 1207 1179 1276 descen*

206 1355 282 1442 det,
304 1375 403 1449 atque
436 1375 549 1426 eontra
568 1381 605 1424 ea
630 1357 831 1447 temporibus
853 1355 948 1424 siccis
971 1355 1076 1422 fontes
1099 1355 1173 1422 sub·

202 1504 343 1572 terranei
359 1503 478 1570 minori
493 1527 569 1571 oum
583 1503 712 1589 negotio
725 1502 914 1569 necessarios
929 1503 1080 1570 humores
1091 1502 1171 1570 huie

204 1668 308 1734 terroe
327 1649 544 1731 praebebunt.
574 1648 670 1716 Unde
691 1650 858 1740 sequitur,
883 1648 1046 1736 ejusmodi
1061 1651 1174 1718 subeo·

205 1817 273 1866 tom
291 1816 410 1867 terram
425 1798 557 1866 nonnisi
578 1795 754 1864 difficulter
770 1795 823 1864 vel
842 1797 999 1866 exsiccari
1011 1815 1068 1866 out
1084 1796 1174 1884 uligi-

205 1972 318 2016 nomm
338 1948 421 2016 fieri.

247 2095 287 2163 In
319 2097 435 2188 primis
468 2117 603 2188 quoque
632 2095 834 2188 requiritur,
864 2112 903 2163 ut
930 2112 1017 2162 terro
1041 2095 1176 2164 eircum-

206 2240 364 2326 fodiatur,
392 2259 449 2308 eut
476 2258 515 2308 ut
538 2238 664 2308 altiores
695 2243 825 2309 serobes
845 2241 944 2328 fiant,
966 2243 995 2308 si
1018 2243 1175 2312 nimirum

203 2391 384 2482 superiores
409 2365 443 2458 et
464 2389 629 2458 inferiores
655 2389 748 2457 humi
774 2408 883 2483 partes
908 2391 1007 2483 plane
1031 2391 1174 2462 diversae

204 2556 337 2608 naturae
357 2539 439 2626 sint,
462 2540 490 2606 si
511 2563 542 2608 v.
563 2563 596 2607 e.
614 2539 676 2606 suh
698 2556 802 2606 terrae
821 2537 984 2622 argillosae
998 2540 1173 2630 superficie

210 2713 303 2776 arena
325 2689 473 2780 proxime
504 2687 596 2756 latete
651 2687 691 2754 ln
718 2683 776 2752 tali
798 2685 886 2750 enim
917 2707 992 2752 casu
1018 2684 1175 2754 videntur

205 2835 329 2912 rsdiees
363 2835 455 2904 haud
487 2833 581 2902 sicile
605 2858 645 2900 ex
667 2850 753 2900 terra
774 2829 920 2919 argillosa
946 2831 983 2898 in
1010 2856 1175 2902 arenosam

206 3015 239 3058 se
261 2989 458 3059 extenderes
482 3011 558 3054 nom
584 2984 780 3078 plerumque
806 2983 842 3048 in
867 2980 1076 3050 latitudinem
1100 3005 1175 3072 por·

204 3141 376 3226 rigantur,
400 3163 500 3231 quom
521 3138 668 3228 primum
690 3156 820 3198 arenam
846 3132 1032 3218 attigerunt.
1077 3129 1172 3214 Quod

204 3287 264 3352 ubi
276 3283 386 3352 locum
401 3285 520 3369 habet,
539 3282 663 3350 radices
687 3305 756 3349 non
777 3281 853 3348 satis
872 3277 1020 3370 amplum
1030 3275 1173 3368 spatium

204 3436 347 3519 habent,
362 3434 397 3499 in
412 3455 480 3525 quo
494 3454 670 3523 prorepere
684 3447 824 3521 queant,
846 3445 880 3494 et
891 3440 1066 3516 propterea
1078 3425 1174 3494 etiem

204 3585 333 3650 arbores
355 3583 475 3682 sensim
495 3581 679 3672 sensimque
693 3577 992 3660 contristabuntur,
1011 3592 1044 3642 et
1061 3598 1173 3642 museo

203 3723 408 3820 obtegentur.
464 3729 529 3798 Ubi
564 3751 642 3797 vero
682 3695 806 3796 radices
842 3720 939 3790 semel
976 3723 1011 3788 in
1053 3740 1173 3789 terram

148 3865 152 3874 ⁸
207 3903 369 3948 arenosam
409 3875 668 3962 descenderunt,
702 3863 782 3943 turio
822 3872 950 3939 arbores
990 3871 1172 3962 saepissime

207 4025 285 4094 laete
308 4045 480 4113 creseunt,
503 4028 547 4094 ita
571 4044 609 4095 ut
631 4047 728 4094 nemo
749 4020 842 4091 facile
864 4007 1066 4115 suspicetur,
1089 4020 1173 4109 ipsos
