2886 4992
772 390 790 452 6

365 477 383 518 ο

297 615 372 656 rum
397 592 433 656 in
456 587 570 675 anglia
593 613 624 655 v.
654 615 683 656 c.
706 607 823 679 quater
841 591 944 674 majus
968 593 1111 682 pretium
1129 593 1257 664 afferret
1296 611 1298 614 ’
1409 615 1427 640 ι’

297 755 432 842 cultori,
464 779 562 846 quam
591 752 625 817 in
659 750 766 818 Gallia.
806 752 968 836 ,Quocirca
993 752 1029 818 in
1057 753 1171 840 Anglia
1191 755 1259 846 plo·

294 943 435 1014 rumque
464 919 542 984 baec
575 915 700 984 cultura
734 917 887 982 arborum
923 913 1054 986 meliore
1087 940 1164 984 cum
1185 943 1256 986 suo·

295 1059 386 1152 ausu
416 1081 528 1173 peragi
559 1096 683 1170 potest,
717 1079 872 1170 quoniam
907 1076 961 1144 illa
994 1076 1122 1146 cultura
1149 1079 1253 1165 majus

290 1244 419 1311 lucrum
454 1242 609 1333 praebet,
649 1267 749 1333 quam
773 1239 865 1333 quoti
889 1241 1024 1328 frugum
1048 1243 1128 1320 satio
1149 1243 1276 1315 facere·

291 1407 389 1476 solet:
412 1433 520 1500 quum
544 1426 656 1476 eontra
679 1431 715 1476 ea
739 1409 775 1474 in
788 1407 891 1476 Gallia
913 1409 1019 1496 fruges
1031 1408 1129 1508 panio
1149 1412 1270 1498 suajus

288 1571 436 1657 latarum,
469 1572 620 1663 quintam
651 1570 776 1654 seilicet
804 1586 951 1663 partem,
972 1597 1074 1662 quam
1095 1574 1253 1640 arborum

286 1755 481 1830 proventus,
502 1736 599 1824 vulgo
620 1733 774 1822 agriooiae
797 1733 948 1823 praebeat
962 1729 1023 1821 (l).

329 1901 370 1968 ln
406 1919 517 1970 nostra
548 1901 649 1984 igitur
677 1897 782 1988 patria
817 1895 914 1963 etiam
946 1893 1073 1964 cultura
1097 1895 1251 1962 arborum

285 2061 393 2146 magni
417 2059 575 2126 momenti
599 2076 668 2143 est,
702 2055 878 2149 quoditie
903 2060 983 2126 item
1008 2060 1252 2151 magno‘preu'o

286 2222 384 2292 vendi
401 2220 517 2290 solent.
563 2219 659 2288 Multi
670 2219 809 2312 quidem
821 2239 958 2312 putant,
977 2218 1067 2312 apud
1089 2243 1149 2286 nos
1161 2218 1249 2286 illam

285 2385 444 2455 culturam
474 2387 628 2452 arborum
653 2381 743 2450 baud
774 2384 883 2468 magni
916 2383 1016 2474 pretii
1040 2406 1127 2468 esse,
1149 2383 1251 2474 inpri-

285 2551 345 2618 mis
363 2575 475 2642 quum
491 2547 597 2640 sylvae
618 2566 744 2614 nostrae
762 2547 902 2614 minores
923 2563 1154 2638 comparentur
1173 2565 1250 2612 cum

283 2715 459 2800 majoribus
497 2710 612 2780 Galliae
644 2710 694 2778 vel
728 2711 913 2778 Germaniae
947 2709 1054 2817 sylvis.
1103 2697 1250 2776 'Interim
1315 2749 1319 2758 ·

285 2883 392 2942 tanien
414 2875 548 2941 omniuo
570 2873 749 2943 tenendum
760 2893 829 2961 est,
844 2876 983 2966 patriam
995 2891 1138 2942 nostram
1150 2872 1246 2964 sylvis

285 3047 319 3107 et
348 3037 517 3106 arboribus
538 3060 606 3104 non
628 3036 709 3106 adeo
731 3037 916 3106 destitutam
942 3061 1031 3124 esse,
1055 3063 1155 3129 quam
1177 3037 1250 3129 qui·

201 3209 208 3214 ”
288 3199 362 3268 dem
388 3200 484 3268 multi
510 3221 649 3294 putent,
681 3229 787 3295 quum
809 3205 847 3269 'in
866 3201 932 3270 sola
951 3205 1120 3297 provincia
1144 3201 1248 3272 Gelria

284 3367 408 3460 aliquot
435 3371 556 3438 abhinc
584 3372 676 3435 aunis
704 3374 766 3454 44,
796 3330 861 3441 893
900 3373 1043 3442 beatares
1075 3376 1246 3442 arboribus

286 3533 425 3600 consitae
458 3553 564 3602 essent
588 3532 650 3622 (2).
692 3534 858 3610 ¹Praeterea
891 3539 970 3606 itein
993 3536 1245 3604 animadvertere

209 3791 212 3798 “
308 3804 347 3876 (1)
368 3803 434 3858 vas.
461 3818 591 3866 nomos,
616 3802 695 3855 uates
722 3804 755 3856 aa
782 3803 808 3854 u
830 3805 934 3858 cuum
951 3805 997 3857 sea
1016 3805 1121 3861 sorau.
1150 3810 1245 3878 raras,

369 3893 444 3948 Mtte
462 3893 601 3946 Huzsan.
620 3891 708 3959 1832,
729 3911 786 3963 pag.
806 3893 865 3947 127.

313 3985 353 4056 (2)
373 3984 437 4038 vid.
477 3985 631 4037 Stetistieice
660 3986 828 4054 beschn'juing
853 4003 905 4039 van
937 3989 1098 4042 Gelderlund.
1128 3988 1247 4046 Anubem

371 4077 456 4142 1826,
475 4093 533 4142 pag.
552 4077 612 4126 304.
