2886 4992
659 359 699 422 47

196 606 286 670 sione
311 601 423 670 nostrl
446 598 584 686 dignum
603 616 675 684 est,
694 599 771 690 quia
800 601 1071 690 comparationem
1091 625 1164 678 con·

198 754 281 822 tinet
309 749 450 832 duorum
485 771 637 835 agrorum
663 746 813 836 ejusdcm
844 750 965 840 speciei
993 767 1025 816 et
1050 749 1165 844 iisdem

193 901 365 970 arboribus
384 918 546 984 satarum,
572 898 630 966 sed
653 899 713 992 qui
734 915 826 970 antea
846 895 981 966 diversis
998 897 1102 969 modis
1122 899 1163 966 ad

822 1009 825 1034 t

195 1055 325 1121 arbores
359 1051 565 1146 reeipiendus
598 1053 782 1145 praeparati
808 1070 910 1122 erant.
956 1051 1044 1121 lluos
1071 1054 1168 1140 juxa

197 1229 232 1272 se
257 1205 381 1296 positos
409 1226 500 1291 agros
527 1227 634 1295 quum
660 1200 881 1272 destinavisset
904 1201 945 1270 ad
968 1200 1056 1272 alnos
1077 1202 1164 1272 reei-

190 1351 344 1446 piendas,
366 1335 488 1422 borum
506 1352 647 1424 alterum
665 1370 770 1422 aratro
789 1369 918 1422 tantum
937 1353 1162 1437 convertebat,

196 1505 335 1573 alterum
364 1527 441 1572 vero
476 1501 553 1596 pall
581 1503 617 1568 in
637 1499 849 1594 altitudinem
876 1499 1019 1572 duorum
1041 1499 1167 1593 pedum

194 1651 387 1738 effodiebat,
416 1653 462 1718 ite
486 1667 525 1718 nt
541 1674 655 1737 arena,
678 1667 726 1719 ut¹
739 1618 783 1718 its
798 1648 923 1736 dicam,
937 1675 1030 1742 ¹pura
1042 1667 1162 1744 supre-

194 1825 286 1870 mnm
297 1801 407 1872 locum
434 1819 621 1895 occuparet.
637 1783 639 1787 ¹
657 1800 844 1894 Utrumque
856 1825 970 1889 agrum
983 1799 1168 1894 cemplebat

192 1951 307 2018 eodem
333 1951 433 2019 modo
460 1951 642 2040 arbusculis
666 1951 785 2036 alueis,
808 1969 909 2043 atqua
932 1953 1088 2038 sanejant
1101 1953 1166 2022 cito
1246 2011 1248 2020 .

191 2081 509 2170 rnimadrertebatur
537 2125 691 2187 magnum
713 2099 894 2196 discrimen
917 2099 1042 2168 ratione
1063 2099 1166 2170 inere

189 2268 395 2335 mentorum,
426 2273 510 2341 qnae
532 2231 708 2340 utriusque
739 2250 808 2336 agri
835 2247 1025 2318 arbusculae
1046 2249 1158 2342 sapie-‚-

193 2399 284 2466 bant.
329 2360 447 2466 luillo
463 2419 562 2484 agro,
585 2421 686 2489 quern
707 2395 807 2466 effodi
825 2399 966 2485 jusserat
982 2397 1077 2492 pall,
1099 2423 1164 2470 om·

189 2569 247 2616 nes
272 2548 462 2618 arbusculae
492 2547 573 2616 laete
606 2549 816 2632 crescebant,
848 2572 953 2638 quum
986 2565 1163 2616 contraeas

188 2697 225 2762 in
252 2696 351 2786 alteru
377 2721 473 2784 agro,
495 2697 558 2790 qui
580 2713 708 2765 tantum
728 2696 834 2764 obiter
855 2711 962 2762 aratro
988 2719 1161 2764 conversus

187 2864 276 2934 erat,
298 2864 415 2939 quarta
442 2850 518 2938 pars
536 2862 678 2912 satarum
699 2845 855 2912 arborum
879 2843 1039 2916 interiret.
1073 2844 1160 2916 llius
1204 2900 1205 2904 ,

188 2996 225 3061 in
255 2997 438 3088 posteriore
474 3021 552 3084 agro
578 3019 646 3064 non
663 3014 791 3064 tentum
808 2961 945 3084 majeres
966 3016 1092 3070 sumtus
1114 3023 1167 3071 rt*

153 3217 155 3222 ,
188 3144 426 3234 quirebautur,
457 3147 535 3238 quia
555 3167 656 3214 ueras
682 3144 871 3222 arbusculae
896 3145 1006 3214 denuo
1023 3135 1047 3214 ve
1069 3149 1163 3214 semi»
1229 3147 1231 3152 ’

188 3292 287 3356 trariis
305 3293 341 3357 in
357 3291 454 3358 illum
472 3317 586 3379 agrum
607 3294 776 3362 transferri
793 3293 973 3381 debebant,
998 3293 1057 3360 sed
1072 3296 1164 3388 ipsae

187 3439 283 3507 etiam
309 3437 499 3506 arbusculae
521 3463 588 3507 non
606 3441 708 3526 simul,
725 3445 989 3530 succrescebant,
1011 3443 1161 3513 seduliae

182 3611 288 3680 super
318 3587 392 3656 alias
425 3589 629 3678 eminebant,
662 3593 753 3684 quod
782 3593 974 3660 damnosum
1010 3614 1097 3682 crat,
1129 3597 1160 3664 si

190 3738 328 3832 quidem
355 3759 535 3833 proventus
572 3743 768 3832 hujus.agri
799 3744 896 3813 tertia
929 3763 1022 3837 parte
1052 3747 1161 3814 utinor

189 3906 289 3998 erat,
306 3913 405 3982 quam
429 3888 576 3978 alterius,
601 3892 637 3957 in
652 3917 719 3986 quo
731 3893 810 3960 satio
824 3917 982 3962 novarum
995 3896 1161 3964 arbuscu*

192 4033 296 4104 larum
323 4042 496 4112 necessaria
525 4065 590 4108 non
619 4041 756 4118 lucrata
777 4043 834 4132 qui
863 4062 1041 4135 proventus
1068 4047 1157 4114 etin
