2890 4978
673 365 713 431 85

211 603 370 692 praebent
393 605 541 690 gemmis,
566 627 648 696 quae
669 603 841 673 accedente
860 629 961 687 verno
983 607 1084 676 calore
1105 633 1171 679 sese
1230 638 1232 653 ⁸

140 752 143 758 ’
210 749 384 842 explicent.
405 795 406 799 =
430 751 503 818 Jam
532 753 646 839 igitur,
676 755 703 819 si
732 757 828 822 arhor
852 773 1008 823 autumno
1029 755 1181 848 plantata-

347 861 360 888 Ι

209 915 276 984 est,
307 898 443 968 laesione
476 901 625 970 radicum
660 927 815 972 numerus
841 930 1036 998 organorum
1048 929 1169 986 succos

208 1045 428 1114 haurientium
439 1040 667 1138 imminuetur,
682 1071 714 1120 et
727 1051 799 1122 ideo
816 1071 949 1146 quoque
959 1057 1065 1125 minus
1076 1059 1168 1124 succi

208 1195 244 1260 in
260 1196 374 1262 arbore
390 1195 524 1266 adeunt.
568 1198 663 1266 Unde
681 1201 848 1292 sequitur,
872 1201 964 1293 quod
981 1205 1077 1270 arbor
1101 1229 1169 1270 non

208 1366 274 1416 tam
306 1351 370 1418 cito
390 1351 596 1420 frondescere
620 1371 736 1444 queat,
768 1355 908 1420 minores
933 1355 1079 1424 surtulos
1102 1381 1165 1424 no-

207 1496 303 1566 vellos
325 1499 488 1590 proferat,
511 1518 544 1568 et
565 1497 750 1590 minoribus*
766 1499 848 1568 foliis
871 1500 1016 1588 gaudeat.

250 1797 297 1861 2⁰.
328 1758 466 1887 Tempus
487 1819 623 1864 vernum
641 1793 724 1864 illud
745 1813 813 1882 est,
838 1820 906 1888 quo
924 1819 1023 1864 novae
1041 1795 1164 1890 radices

205 1924 401 2030 gignuntur,
421 1929 538 2036 rquuni
569 1944 629 2010 hae
658 1968 725 2010 una
751 1968 827 2010 cum
852 1942 936 2010 foliis
959 1946 1163 2036 proveniant.

204 2091 319 2183 ltaque
351 2108 481 2184 tempus
515 2090 687 2185 plantandi
717 2093 858 2180 arbores
877 2085 1015 2160 vernum
1051 2091 1164 2158 melius

204 2237 287 2305 mihi
309 2237 462 2325 videtur,
484 2263 583 2331 quam
599 2238 792 2306 autumnale.
822 2239 1003 2331 Quinetiam
1018 2238 1163 2308 videmus

205 2385 377 2455 nonnullas
410 2389 564 2455 arborum
589 2389 712 2480 species
742 2386 850 2453 medii
882 2385 995 2455 aestate
1026 2387 1167 2478 plantari

201 2558 314 2628 posse,
346 2523 438 2628 ¹quod
465 2561 587 2604 rursus·
609 2561 710 2605 novae
735 2533 860 2601 radices
883 2536 1082 2624 proveniunt
1101 2561 1162 2629 per

200 2683 342 2754 novellos
355 2673 511 2752 ,surculos
531 2685 681 2777 aesu'voS‚
704 2677 742 2751 et
763 2682 823 2748 hae
842 2683 935 2774 ipsae
953 2681 1076 2750 radices
1100 2685 1164 2751 suf·-

199 2834 344 2902 ficientes
367 2857 481 2901 succos
507 2831 698 2918 adducunt,
730 2807 850 2926 quibus
871 2832 993 2899 arboris
1019 2857 1162 2936 compre·

200 2981 314 3051 hensio
337 2983 504 3053 efficiatur.
545 3076 553 3091 Ὁ

245 3129 329 3198 Sunt
347 3155 423 3198 vero
439 3093 535 3199 etiam
547 3127 716 3217 nonnulli,
732 3130 791 3222 qui
803 3147 939 3221 putent,
954 3107 1077 3198 radices
1088 3149 1165 3198 tem·

132 3295 136 3306 “
200 3301 281 3386 pore
302 3278 480 3348 autumnali
501 3297 535 3348 et
557 3277 700 3370 hyemali
723 3279 892 3372 progigni,
916 3281 1042 3372 quique
1064 3304 1163 3372 prop-
1259 3272 1261 3277 ¹

197 3448 283 3499 terea
306 3449 466 3519 statuant,
490 3433 620 3502 arbores
644 3451 791 3526 tempore
812 3429 989 3500 autumnali
1012 3431 1160 3524 plantan-

198 3577 254 3646 das
276 3581 386 3672 potins
406 3603 490 3667 esse,
515 3605 614 3674 quam
636 3583 750 3673 quovis
775 3580 835 3649 alio
858 3599 1015 3682 temperet
1048 3582 1161 3650 ¹Iidem

195 3729 252 3817 hi,
293 3733 335 3798 ob
373 3757 472 3824 supra
509 3751 714 3801 memoratam
750 3754 893 3816 causam,
932 3730 1157 3819 contendunt,

198 3879 326 3947 arbores
361 3898 518 3986 autumno
543 3879 701 3972 plantatas
736 3881 821 3948 eirea
850 3845 986 3948 vernum
1010 3899 1160 3972 ternpus,

195 4043 262 4116 quo
287 4025 359 4095 solia
382 4053 414 4096 se
434 4026 619 4120 explicent,
641 4027 708 4097 solo
727 4029 796 4115 jam
815 4028 951 4103 firmiter
979 4029 1155 4100 inhaerere.
