2886 4992
674 461 676 468 y
735 353 774 434 1'4

267 603 356 668 succi
391 601 567 688 elaborati,
605 604 664 695 qui
691 625 709 670 e
739 625 828 668 ramo
849 601 890 668 ad
925 619 1081 672 unacum
1103 605 1231 674 deseen-

268 753 369 837 dunt,
385 753 420 818 iu
436 777 535 820 cursu
548 750 790 843 impediuntur,
806 775 911 844 eoque
924 753 1091 822 obstaculo
1105 755 1232 824 nodum

264 901 423 986 formant,
447 925 487 966 ex
501 923 585 991 quo,
597 897 826 986 adjuvantibus
838 898 1031 968 humiditate
1047 919 1079 968 et
1094 927 1230 994 vapore,

265 1048 388 1116 radices
410 1044 586 1139 prodeunt.

308 1198 347 1264 In
371 1197 478 1288 patria
502 1211 611 1260 nostra
634 1195 813 1286 praeeique
837 1196 1018 1264 submersio
1038 1198 1073 1262 in
1100 1221 1162 1265 usu
1183 1217 1232 1267 est

265 1348 298 1414 in
322 1341 539 1435 propagandis
573 1340 667 1408 ulmis
698 1360 730 1410 et
753 1341 844 1409 tiliis.
890 1342 990 1436 Apud
1012 1368 1070 1449 nos
1100 1348 1233 1437 quibus·

264 1492 338 1562 dam
366 1492 402 1558 in
433 1492 610 1583 provinciis
640 1489 712 1560 loca
741 1515 841 1560 vacua
881 1489 1043 1581 sylvarum
1082 1519 1235 1585 quernea-

258 1663 334 1707 rum
358 1637 568 1724 studuerunt,
599 1635 770 1708 flectendis
795 1636 1005 1703 inferioribus
1031 1641 1143 1724 ramis,
1165 1666 1235 1706 rur.

262 1813 315 1859 sus
341 1787 558 1882 complentur.
604 1789 644 1856 In
683 1785 798 1853 Galliae
825 1804 858 1852 et
891 1786 1076 1854 Germaniae
1100 1789 1236 1876 regioni·

259 1941 321 2006 bus
336 1939 502 2008 nonnullis
526 1938 704 2004 submersio
724 1937 820 2002 etiam
838 1935 1019 2004 instituitur
1033 1935 1074 2004 ad
1086 1936 1158 2006 loca
1174 1939 1232 2004 mi·

261 2112 340 2160 nora
373 2089 408 2156 in
440 2085 537 2177 sylvis
568 2083 772 2177 complenda.
818 2083 913 2170 Quod
938 2087 998 2153 ubi
1026 2089 1101 2180 quis
1126 2089 1232 2156 iacere

259 2235 350 2320 vult,
374 2234 473 2303 sumit
494 2231 701 2302 arbusculam
719 2258 759 2301 eo
777 2233 848 2302 locu
871 2235 1046 2321 consitam,
1069 2234 1233 2329 abscindit

258 2383 383 2452 radices
413 2383 484 2469 ejus
520 2363 578 2450 ab·
598 2407 665 2450 uno
688 2382 804 2468 latere,
841 2402 873 2452 et
908 2383 1055 2454 deflectit
1091 2410 1160 2454 eam
1196 2388 1233 2456 iu

258 2531 407 2617 sulcum,
429 2534 489 2600 ubi
509 2513 602 2625 prius
619 2556 724 2598 ramos
746 2534 909 2600 obstantes
932 2537 1129 2626 amputavit3
1155 2535 1233 2602 dein

199 2753 204 2766 ,
258 2705 363 2749 ramos
389 2679 484 2750 clavis
509 2680 623 2768 ligneis
650 2683 685 2747 in
710 2700 829 2776 terram
850 2680 977 2771 defigit,
1000 2685 1092 2750 etita
1105 2683 1228 2772 flectit,

258 2829 448 2902 utiliorum
469 2832 667 2898 summitates
689 2833 885 2924 positionem
903 2851 1025 2900 rectam
1047 2835 1227 2926 accipiant:

260 2979 382 3072 quibua
413 2977 515 3046 finitis
551 2996 707 3046 truncum
742 3005 973 3072 ramorumque
1000 2999 1128 3073 partem
1153 2981 1235 3048 infe-

258 3129 379 3197 riorem
404 3126 525 3212 obtegit
552 3130 652 3194 tarra.
699 3128 810 3220 Atque
832 3127 896 3195 boc
916 3090 1015 3196 ruodo
1031 3130 1166 3197 biennia
1181 3129 1234 3198 vel
1261 3091 1263 3096 Ι

259 3278 400 3346 triennio
426 3293 501 3369 post
524 3274 573 3342 illi
599 3279 681 3344 rami
707 3280 905 3348 sufficientes
931 3277 1056 3348 radices
1079 3297 1237 3368 egerunt,⁴

259 3427 308 3496 ita
337 3444 376 3494 nt
400 3427 470 3512 jam
504 3442 604 3494 semet
635 3443 815 3494 sustentare
842 3446 874 3495 et
901 3455 918 3494 a
941 3448 1061 3497 trunco
1085 3447 1232 3496 materna

259 3577 401 3668 separari
413 3578 551 3667 possint.
593 3575 688 3661 Quod
707 3577 765 3644 ubi
783 3596 954 3669 peractum
970 3598 1034 3664 est,
1051 3580 1121 3668 ipsa
1133 3578 1232 3644 arbor

259 3749 372 3797 rursus
397 3727 432 3795 in
454 3725 556 3796 altum
579 3728 734 3814 erigitur,
765 3745 803 3796 ut
824 3730 871 3796 sic
897 3752 996 3820 porro
1018 3727 1130 3813 augeri
1152 3749 1234 3794 cres-

262 3865 368 3946 cendo
390 3876 502 3966 possit.
548 3877 617 3946 Hae
649 3878 772 3945 ratione
802 3877 979 3968 praecipue
1007 3891 1232 3968 propagantur

260 4049 417 4118 quercus,
455 4024 538 4114 sagi,
578 4051 668 4098 aoera
705 4025 906 4118 platanoides
950 4043 983 4094 at
1010 4025 1096 4096 aliae.
1143 4026 1228 4109 Quin
