2890 4978
748 339 790 404 02

278 585 352 650 sitas
371 603 469 648 manu
492 579 683 674 extrahunt,
705 601 812 670 neque
832 577 899 644 ullo
917 582 1134 650 instrumento
1150 599 1240 650 utan-

282 756 356 822 tur,
386 733 477 828 quod
504 719 627 818 radices
654 732 707 798 illa
733 733 929 799 extractione
953 731 1131 800 admodum
1158 733 1245 822 laedi·

280 883 403 969 solent,
433 871 554 950 etiamsi
587 877 692 948 solum
723 877 898 946 humidum
914 879 979 965 sit,
1009 897 1042 948 et
1064 881 1239 950 hominum

281 1031 501 1102 conaminibus
534 1026 658 1096 facilius
691 1025 795 1094 cedat.
847 1026 1020 1096 Radiculae
1054 1017 1142 1097 enim
1176 1032 1240 1100 isto

281 1181 378 1250 modo
409 1195 465 1280 aut
492 1194 586 1270 parte
620 1176 750 1244 corticis
772 1199 848 1243 suae
869 1177 1058 1269 privantur,
1079 1195 1135 1246 aut
1162 1177 1240 1246 adeo

281 1289 528 1396 abscinduntur.
574 1323 678 1392 lllulto
706 1317 821 1390 melius
846 1342 894 1392 est
910 1326 1006 1412 juxta
1028 1349 1112 1392 meas
1130 1325 1242 1397 fodere

280 1475 430 1542 scrobem
467 1491 534 1541 tam
567 1459 650 1558 alte,
692 1495 792 1564 quam
823 1469 886 1540 alte
916 1471 1162 1542 arbuscularum
1197 1499 1243 1542 ra·

280 1621 407 1690 ‹liculae
442 1623 479 1688 in
516 1639 635 1694 terram
671 1620 932 1713 penetraverint,
968 1639 1001 1690 et
1036 1621 1093 1689 has
1122 1622 1244 1723 deinde
1360 1695 1361 1700 ,

280 1769 465 1840 arbusculas
484 1771 520 1836 in
543 1767 632 1836 illam
655 1767 827 1834 dimittere.

326 1922 360 1990 Si
384 1921 454 1986 fieri
472 1935 595 2009 potest,
620 1933 658 1983 ut
675 1913 864 1982 arbusculae
887 1937 963 1982 cum
977 1913 1077 2001 glebis
1090 1905 1243 1982 effodian-

283 2085 356 2152 tur,
375 2066 445 2132 ‘hoo
467 2064 613 2130 omnium
641 2063 803 2154 optimum
829 2080 887 2132 est.
931 2063 1039 2132 Potest
1068 2079 1175 2166 autem
1206 2062 1243 2130 id

283 2211 377 2283 laste
390 2209 459 2278 fieri
471 2211 507 2276 iu
519 2209 701 2278 minoribus
714 2209 913 2298 arbusculis,
935 2211 1126 2304 praesertim
1145 2229 1247 2303 quan·

284 2361 331 2432 ‹l'o
348 2360 457 2446 loeus,
479 2359 539 2426 nbi
557 2381 670 2425 rursus
693 2357 818 2450 deponi
836 2359 991 2444 debeant,
1015 2357 1104 2424 haud
1124 2353 1245 2450 procul

284 2514 385 2580 abest
429 2510 528 2578 Pinus
559 2531 590 2578 v.
619 2534 648 2578 c.
672 2474 812 2602 quatuor
830 2507 883 2577 rel
910 2509 1061 2600 quinqua
1083 2529 1246 2576 annorum

286 2662 355 2741 sine
389 2681 503 2748 magna
536 2657 724 2730 difficultate
756 2681 832 2726 cum
854 2657 953 2745 glebis
978 2655 1077 2726 effodi
1097 2676 1246 2750 possunt.

285 2805 379 2893 Quod
411 2806 471 2872 ubi
500 2805 655 2892 agricolae
685 2795 791 2874 lacere
822 2783 956 2894 volunt,
989 2823 1128 2880 utuntur
1158 2823 1248 2875 certo

284 2953 429 3048 quodam
457 2973 573 3040 genera
602 2952 693 3046 palae
721 2977 895 3040 concavae,
924 2977 1023 3046 quam
1049 2955 1175 3021 circum
1200 2976 1249 3021 ar·

285 3105 456 3176 bassulam
492 3121 593 3172 terrae
626 3105 769 3195 infigunt
800 3131 899 3199 quam
936 3105 1108 3192 altissime,
1142 3121 1175 3174 et
1202 3107 1249 3178 ita

169 3279 172 3286 ¹
274 3247 450 3344 dirigunt,
473 3271 511 3323 ut
533 3254 624 3345 gleba
646 3234 798 3348 undique
818 3281 836 3323 a
856 3254 1089 3349 soloseparata
1109 3256 1247 3324 formam

115 3405 118 3414 “
199 3439 200 3443 “
288 3403 364 3472 coni
389 3403 542 3496 accipiat,
564 3421 597 3474 et
617 3425 730 3470 omnes
752 3401 874 3471 radices
900 3406 1029 3493 integre
1043 3421 1223 3474 serventur.

331 3546 390 3621 Sin
416 3570 523 3620 sutem
548 3551 676 3620 arbores
702 3552 836 3638 majores
857 3551 998 3622 effodere
1024 3552 1191 3637 volumus,
1213 3567 1248 3618 et

292 3697 364 3770 lieri
387 3703 522 3770 omnino
546 3703 678 3796 nequit,
702 3719 741 3770 nt
766 3723 876 3770 omnes
903 3700 1028 3774 radices
1055 3699 1153 3772 simul
1177 3699 1248 3766 sine

293 3850 359 3929 ulla
381 3851 557 3920 laesiones
584 3872 670 3924 terra
694 3851 889 3941 evellantur,
918 3854 1003 3922 ratio
1025 3851 1189 3944 postulat,
1210 3869 1251 3922 ut

294 4019 376 4072 terra
415 4000 506 4070 latius
542 4002 667 4074 circtun
691 4002 836 4074 arborem
859 4000 1049 4090 effodiatur,
1071 4019 1104 4070 et
1128 4000 1250 4072 radices
1342 3981 1348 3998 ¹
