2886 4992
751 378 791 446 18

291 610 404 700 affert,
433 612 554 703 quibus
581 570 667 682 illae-
683 615 821 690 rationes
850 614 921 684 lene.
947 589 1101 686 .careant.⁶
1132 620 1253 704 Quodsi

289 761 382 828 enim
397 784 507 830 semen
526 780 627 829 terrae
648 762 870 847 commissum,
892 761 1060 857 hujusque
1078 792 1197 860 vapore
1218 787 1250 838 et

291 934 478 1004 compressu
503 910 702 1002 tepefactum
718 930 784 998 cst,
805 931 905 1006 atque
927 914 1122 985 herbescens
1143 919 1254 988 viridi-

288 1078 335 1129 tas
359 1083 400 1127 ex
420 1059 542 1128 semine
563 1059 706 1151 prodiit,
728 1059 908 1155 plantaque
931 1065 1050 1132 sensim
1072 1063 1247 1158 paulatim-

288 1233 355 1301 que
385 1208 564 1276 adolescere
587 1209 708 1302 incipit
716 1261 731 1297 ,.
757 1228 845 1297 tunc.
870 1211 984 1281 eodem
1014 1211 1070 1282 illo
1102 1232 1249 1307 tempore

288 1357 382 1426 radix
401 1357 537 1451 polenis,
559 1375 725 1452 tamquam
744 1361 960 1453 praecipuum
983 1361 1111 1430 futurae
1127 1365 1250 1431 arbonis
1302 1350 1305 1356 ’

283 1510 546 1598 firmamentum,
569 1511 728 1600 gnadatim
748 1515 783 1580 in
805 1510 925 1582 terram
947 1513 1039 1582 altius
1062 1533 1249 1606 penetrare,

283 1679 318 1729 et
336 1660 393 1729 hic
413 1680 513 1754 atque
535 1661 603 1732 illic
619 1661 758 1730 ramulos
777 1661 936 1754 quosdam
955 1660 1140 1736 diffundere
1156 1663 1247 1732 solet.

283 1809 367 1878 lem·
376 1829 499 1898 autem,
523 1813 677 1904 quoniam
688 1833 759 1876 non
773 1808 872 1876 modo
891 1807 963 1874 fieri
977 1826 1112 1900 potest,
1132 1808 1191 1876 sed
1209 1834 1247 1877 re

279 1964 360 2032 veri
383 1966 480 2027 etiam
506 1983 600 2049 saepe
626 1959 698 2024 lieri
722 1957 823 2042 solet,
845 1975 883 2024 ut
908 1957 996 2025 haee.
1010 1956 1104 2026 radix
1129 1956 1247 2050 palaris

280 2107 377 2172 nimis
403 2103 465 2174 alte
488 2103 524 2170 in
552 2103 691 2172 humum
718 2102 909 2210 descendat,
938 2123 973 2173 et
997 2103 1054 2172 tali
1078 2104 1177 2173 modo
1201 2106 1244 2174 od

153 2269 166 2298 ³
277 2254 409 2318 datione
430 2247 535 2319 terroe
552 2268 655 2319 strata
675 2251 837 2338 offendat,
859 2270 916 2319 ant
929 2275 1014 2321 casu
1039 2253 1075 2318 in
1093 2252 1154 2320 alia
1176 2255 1255 2322 con

276 2425 358 2496 pora
377 2399 520 2485 incidat,
542 2423 632 2492 quae.
652 2397 781 2490 plantae
799 2401 942 2492 ejusque·
962 2403 1165 2472 incremento
1187 2401 1244 2470 noa·

277 2565 390 2637 ceant,
412 2545 608 2642 usqueadeo
628 2547 798 2614 interitum
820 2546 980 2614 eiafferne
994 2547 1136 2639 possintz
1160 2571 1243 2615 non-

276 2723 459 2792 numquam
489 2719 625 2790 prorsns
655 2696 872 2764 necessarium
896 2714 962 2782 est,
988 2714 1028 2764 nt
1053 2721 1129 2788 pars
1154 2695 1242 2766 illine

275 2847 393 2918 radicis
409 2843 605 2914 ferramento
619 2843 848 2962 abscindam,
870 2863 903 2912 et
921 2845 968 2913 sic
990 2847 1101 2913 arbori
1115 2845 1242 2936 prospi-

275 2998 390 3066 ciatur.
440 2993 508 3062 Hae
532 2995 621 3061 enim
647 2995 842 3063 abscissione
869 2997 1058 3087 tempestive
1084 2994 1238 3086 peracti,

184 3233 187 3238 Ι
276 3139 434 3231 efficitur,
457 3161 495 3212 ut
512 3141 630 3210 ramuli
642 3142 789 3212 laterales
804 3166 872 3207 non
886 3139 985 3209 modo
997 3142 1116 3209 sensim
1127 3143 1241 3210 robus·

275 3293 479 3379 timocliam,
501 3289 666 3359 sedetiam
685 3289 727 3358 de
739 3291 825 3360 statu
837 3289 1240 3384 suoplono(lsorizotttole]

274 3439 478 3534 pedetentim
491 3435 672 3526 semelem,
705 3458 739 3514 et
762 3440 959 3531 positionem
978 3439 1018 3508 in¹
1034 3440 1241 3509 declivem-1

273 3608 405 3680 gentem
418 3591 593 3683 accipiant.
636 3589 686 3655 In·
696 3588 847 3656 herbonio
865 3613 939 3658 meo
957 3589 1125 3680 parvulam
1144 3611 1241 3680 quer

169 3755 173 3762 '
276 3763 353 3811 eum
374 3740 494 3826 habeo,
524 3743 578 3810 eui
601 3739 694 3807 radix
714 3740 831 3834 polonis
857 3760 1022 3836 amputata
1044 3761 1110 3830 est,
1131 3744 1235 3836 inque

274 3874 369 3978 'eujus
400 3887 510 3958 locum
538 3908 762 3982 provenerunt
782 3904 928 3982 ‘quatuor
957 3887 1084 3960 radices
1108 3915 1236 3984 prope-

193 4131 195 4138 Ι
270 4039 412 4120 modum
438 4041 671 4137 perpendiculi
704 4042 805 4116 instar
836 4041 1078 4136 dependentes,
1116 4044 1238 4136 quibus
