2890 4978
572 973 758 1138 carna
785 1039 912 1137 uu.

494 1383 536 1428 DE
558 1379 734 1428 uiolentos
755 1376 992 1427 securitatum.

323 2046 470 2142 Radices
502 2072 690 2160 decimare,
720 2074 856 2165 quando
876 2077 1008 2142 arbores
1035 2097 1076 2142 ex
1103 2075 1164 2144 nlio
1185 2071 1222 2142 in

257 2225 355 2292 alium
380 2223 490 2291 locum
515 2222 759 2290 transferuntur
782 2222 952 2315 plantandi
977 2211 1088 2311 cause,
1111 2225 1222 2294 adhuc

242 2375 348 2474 ¹valde
366 2377 521 2467 usitatum
539 2391 598 2442 est.
645 2374 767 2442 Dicunt
780 2377 868 2442 enim
881 2375 1005 2444 radices
1021 2379 1225 2448 circumcisas

255 2525 380 2593 facilius
409 2543 442 2592 ct
468 2525 562 2592 citius
587 2547 683 2590 novas
706 2522 863 2590 radiculas
887 2548 995 2610 agere,
1018 2543 1050 2592 et
1067 2550 1128 2616 per
1150 2525 1218 2592 illas

257 2675 386 2750 arbores
414 2697 549 2765 qnoque
581 2674 673 2740 citius
697 2673 733 2736 in
755 2696 839 2740 novo
860 2672 933 2740 loco
956 2673 1087 2742 haerere
1113 2695 1146 2743 et
1170 2677 1223 2742 fir·

258 2822 348 2886 mari.
401 2803 645 2918 llerumlhanc'
661 2821 850 2910 opinionem
876 2847 975 2890 unam
997 2847 1038 2890 ex
1060 2821 1222 2920 praejudi-

259 2969 335 3036 catis
356 2991 444 3052 esso,
467 2990 484 3031 e
507 2967 718 3057 sequentihus
740 2968 875 3059 patebit.

302 3117 398 3186 Ortus
424 3114 572 3184 radicum
600 3118 796 3204 conjunctus
823 3133 872 3182 est
900 3091 1119 3209 cohaeretque
1146 3143 1222 3186 cunt

258 3285 333 3332 ortu
363 3263 523 3332 foliorum.
577 3263 680 3347 Quam
714 3266 860 3356 primum
891 3265 986 3332 arbor
1005 3264 1223 3334 frondescere

255 3412 394 3502 incipit,
424 3409 521 3479 simul
544 3401 646 3478 ¹etiam
675 3411 785 3478 radix.
802 3437 944 3480 crescere
970 3416 1101 3506 incipit.
1157 3415 1221 3482 Ubi

254 3559 350 3626 taleae
382 3560 451 3625 sine
483 3560 565 3628 foliis
596 3578 651 3627 aut
684 3560 719 3638 in
747 3527 832 3627 terra
864 3561 1067 3649 infiguntur,
1099 3580 1154 3630 aut
1179 3563 1214 3626 in

252 3734 336 3800 aqna
358 3706 577 3795 collocantur,
601 3709 705 3775 nullae
725 3710 930 3800 reperientur
948 3711 1093 3796 radices,
1118 3735 1216 3802 quam
1260 3751 1267 3758 -

253 3857 311 3924 din
341 3857 492 3926 foliorum
519 3861 610 3928 initia
645 3883 712 3926 non
748 3861 1007 3952 conspiciuntur.
1054 3859 1108 3926 Sic
1134 3859 1213 3926 item
1277 3861 1282 3877 “

247 4010 360 4096 arbor,
397 4010 423 4076 si
448 4002 523 4075 “non
556 4011 599 4076 ita
628 4011 764 4095 erescit,
799 4028 836 4076 ut
862 4012 932 4102 ipsa
956 4012 1154 4078 incrementa
1177 4012 1213 4076 in
