2890 4978
643 383 684 444 bb

184 625 327 711 longiora
359 616 525 688 intervallo
555 621 595 682 ab
628 635 749 684 trunca
771 616 948 683 nndmtaa.
1002 617 1041 681 ln
1069 620 1139 684 uai-

182 747 318 841 vorsam
336 789 417 838 raro
438 789 502 862 pro
529 785 618 834 carto
644 767 761 834 habero
786 787 984 858 possumus,.—
1007 767 1142 836 effossio

179 941 254 989 nans
275 923 430 988 arborum
451 919 551 984 nimis
575 935 662 984 arata
690 917 777 984 amaa
807 934 964 984 truncum
992 915 1082 1002 fieri,
1109 935 1144 984 et

181 1083 354 1164 propteroa
389 1060 541 1161 inprimis
564 1069 660 1135 otiam
684 1067 802 1154 'majus
824 1084 953 1158 tempus
974 1067 1079 1153 exigi,
1103 1085 1143 1134 ut
1214 1082 1217 1088 ’

180 1221 311 1286 arbores
340 1217 376 1284 ln
401 1215 500 1284 alium
526 1215 635 1284 latum
655 1213 825 1284 translatae
849 1211 961 1282 denno
981 1234 1144 1284 crassant-

148 1449 149 1456 ἵ
226 1368 390 1435 Praeterea
420 1367 553 1432 arbores
579 1365 716 1450 majores
748 1361 905 1449 effodere,
940 1382 974 1432 et
1005 1385 1045 1431 ax
1080 1350 1146 1432 alio

176 1515 215 1579 in
238 1513 340 1580 alium
358 1511 468 1579 loc-
491 1507 665 1580 transiarra
683 1511 843 1598 integrat,
869 1509 1005 1602 qaudam
1025 1511 1144 1610 mum

109 1719 110 1722 ,
166 1661 292 1728 ,rerum
327 1658 464 1744 studiosi
504 1655 627 1750 sae'pius
668 1655 841 1750 periclitati
866 1631 975 1726 snut..
999 1660 1070 1729 lloo
1095 1662 1142 1729 ita

179 1808 314 1876 faciunt.
361 1807 493 1876 Circum
525 1807 673 1874 arborem
708 1805 833 1874 faciunt
869 1825 1035 1895 angustam
1073 1809 1143 1900 qui·

180 1953 257 2021 dem
278 1951 334 2022 sed
358 1952 482 2045 aliquot
503 1953 626 2046 pedum
647 1951 743 2021 altam
766 1953 906 2022 fossama
930 1955 1015 2022 banc
1028 1973 1142 2044 tegunt

180 2101 321 2194 plancis,
351 2101 471 2192 quibus
509 2120 593 2202 terra
618 2101 788 2189 injicitur,
818 2120 856 2170 ut
884 2111 940 2170 aiir
964 2122 996 2171 et
1017 2102 1073 2171 lux
1099 2128 1140 2172 ex

179 2249 263 2317 fossa
290 2266 485 2317 arceantura
510 2246 628 2314 deiude
654 2273 713 2340 per
745 2248 868 2325 diversa
890 2270 1074 2346 temporum
1094 2255 1141 2329 in7

179 2396 308 2467 tervalla
347 2415 465 2466 terram
506 2399 630 2466 circum
665 2401 812 2468 arborem
851 2403 938 2493 aqua
978 2404 1136 2490 irrigant,

180 2565 218 2614 ut
244 2570 283 2614 ex
306 2544 444 2612 residuis
473 2569 535 2614 uec
558 2548 731 2639 amputatis
757 2546 921 2614 radicibus
948 2545 1034 2614 lento
1058 2516 1142 2614 radi-

179 2693 269 2762 culae
291 2693 443 2786 undique
467 2694 602 2786 prodire
631 2712 764 2786 queant.
810 2690 896 2778 Quae
914 2693 972 2760 ubi
993 2696 1065 2764 satis
1089 2721 1143 2789 oo·¹

178 2842 287 2933 piosae
311 2841 412 2910 sactae
437 2859 531 2928 sunt,
561 2859 642 2908 tuna
666 2841 762 2920 arbor
786 2865 861 2910 oum
884 2841 974 2930 gleba
996 2843 1138 2916 subleva·

178 3007 249 3076 tur,
282 3009 316 3058 et
350 2990 419 3058 sine
451 3013 566 3077 magno
598 2989 749 3058 interitirs
777 2989 934 3082 ‘paritulo
966 2991 1002 3058 in
1028 2992 1137 3061 locum

177 3137 373 3232 dastinatum
386 3137 614 3206 transvehitur.
651 3135 805 3205 Nonnulli
817 3138 930 3226 etiam,
944 3139 1135 3210 nullatanus

175 3282 279 3368 fossa,
305 3281 496 3374 simpliciter
519 3285 570 3348 usi
591 3303 668 3352 sunt
690 3286 796 3372 sarri,
823 3289 916 3376 cujus
933 3311 995 3378 ope
1011 3287 1134 3358 radicas

176 3435 312 3521 majores
328 3433 454 3502 circum
466 3434 614 3502 arborem
628 3433 776 3528 undique
790 3435 1028 3524 dissecuerunt,
1042 3441 1134 3509 etsie

176 3585 343 3668 arborem,
375 3599 413 3650 ut
438 3583 483 3650 ita
504 3581 632 3668 dicam,
656 3593 851 3672 co'e‘gorunt,
874 3601 912 3652 ut
933 3609 1030 3654 novas
1051 3587 1135 3656 radi·

144 3761 147 3768 ’
180 3731 264 3798 aulas
286 3730 343 3798 illo
360 3730 436 3806 loca
454 3750 577 3820 agerat,
599 3734 657 3798 ubi
680 3731 831 3801 dissentio
851 3735 997 3804 instituta
1017 3738 1142 3810 suerat..

177 3879 210 3946 si
234 3881 294 3948 ista
319 3881 465 3973 operatio
487 3899 633 3974 tempora
653 3882 773 3952 vernali
793 3903 923 3974 paracta
943 3905 1009 3972 est,
1038 3890 1133 3968 arbor

175 4029 237 4096 suh
261 4049 452 4104 autumnum
476 4037 687 4126 transportari
711 4051 826 4126 potest.
869 4035 1015 4128 Denique
1037 4037 1131 4106 etiam
