2886 4992
656 401 711 466 -23

244 637 408 706 Praeterea
439 652 521 726 opus
553 652 602 704 est
630 638 807 724 majoribus
844 641 1032 730 arboribus,
1065 671 1165 740 quam

197 785 344 878 primum
360 784 448 876 ipsae
468 785 550 875 poni
568 782 690 853 debent
710 786 746 852 in
768 785 866 874 locis,
889 791 949 856 ubi
967 790 1060 861 facile
1080 792 1164 864 laedi

201 949 361 1026 possunt,
382 924 485 1002 veluti
504 933 603 1018 juxta
622 933 688 1002 vias
709 932 869 1025 publicas.

240 1082 396 1169 Interim,
419 1083 479 1150 etsi
500 1082 637 1168 majores
655 1098 781 1150 sumtus
799 1055 974 1152 etsslabores
991 1087 1167 1178 requirun-

197 1247 252 1299 tur
271 1230 307 1296 in
329 1229 507 1316 majoribus
533 1229 702 1296 arboribus
729 1253 769 1298 ex
790 1229 852 1299 alio
874 1233 910 1298 iu
933 1231 1031 1301 alium
1052 1235 1164 1306 locum

195 1373 470 1468 transportandis,
493 1393 527 1443 et
552 1375 613 1441 bae
639 1376 728 1466 ipsae
753 1361 896 1464 majores¹
912 1373 1042 1448 arbores
1061 1379 1165 1474 pluri·

198 1525 261 1592 bus
295 1521 450 1616 periculis
485 1521 642 1589 obnoxiae
678 1539 776 1604 sunt,
804 1541 843 1591 ut
876 1523 976 1616 suprsi
1003 1526 1165 1618 diximus,
1269 1588 1279 1595 .

200 1688 308 1740 tamon
335 1669 386 1736 bis
413 1666 630 1736 incommodis
665 1667 905 1760 quodammodo
931 1671 1054 1742 mederi
1074 1672 1165 1773 po's·

195 1848 326 1912 sumus,
355 1825 383 1891 si
410 1821 599 1890 arbusculae
622 1823 658 1888 in
684 1821 862 1890 seminariis
889 1825 1011 1915 passim
1037 1849 1077 1894 ex
1104 1827 1166 1896 alio

195 1975 232 2041 in
254 1971 353 2040 olium
372 1969 481 2040 locum
503 1969 740 2040 tranferuntur.
771 1969 851 2038 Nam
870 1971 934 2038 ista
956 1973 1038 2042 ouri
1059 1997 1170 2044 nume-

191 2143 251 2188 rus
277 2117 428 2188 radicum
452 2128 609 2206 augetur,
636 2141 748 2188 eurum
775 2117 1040 2188 circumferentia
1063 2121 1169 2194 minor
1201 2175 1203 2178 -

197 2271 256 2356 fis,
274 2287 309 2338 ot
322 2269 412 2360 ipsse
427 2268 557 2336 arbores
576 2264 633 2334 tali
649 2264 748 2334 modo
768 2266 918 2355 firmum,
934 2269 993 2338 uti
1009 2267 1168 2361 (linimus,

198 2417 320 2512 pedem
353 2417 541 2511 oceipiuut3
567 2439 649 2509 quse
675 2412 783 2484 omnia
800 2415 943 2506 iaciunt,
972 2431 1013 2490 ut‘
1038 2375 1174 2491 arbores
1254 2463 1257 2469 f

193 2568 338 2656 iaoilius,
363 2568 457 2640 subis
483 2566 668 2654 radicibus,
697 2565 797 2634 effodi
820 2573 958 2658 queunt:
1001 2627 1004 2642 ,
1122 2643 1123 2648 ¹

239 2702 365 2786 Harum
392 2739 469 2786 veno
493 2717 650 2786 arborum
672 2712 802 2782 cultura
822 2721 972 2800 magnum
992 2711 1061 2780 vim
1081 2721 1168 2781 ox'er·

195 2883 250 2934 aot
272 2863 315 2932 ad
334 2865 480 2957 ipsarum
500 2864 701 2934 incrementa
724 2858 954 2956 provehenda,
982 2877 1083 2956 atque
1105 2861 1164 2930 id·
1256 2827 1257 2831 i

198 3016 288 3086 'uiros
313 3039 429 3109 operae
459 3014 604 3108 pretium
634 3030 703 3100 est,
739 3029 778 3080 ut
812 3029 975 3104 possessor
1006 3011 1168 3086 seminarii
1192 3100 1200 3106 ,.

197 3161 268 3254 ipse
308 3187 458 3254 praesens
502 3162 674 3250 diligenter
706 3159 960 3268 animadyortai,
990 3175 1165 3253 utsupra

195 3307 286 3380 diota
319 3328 409 3386 reeta
444 3311 533 3378 fiant.
592 3310 639 3376 De
672 3335 740 3402 quo
775 3312 964 3402 argumento
989 3309 1076 3378 inter
1104 3305 1164 3376 alia

196 3481 325 3548 agemus
343 3457 452 3554 oapite
470 3457 700 3552 subsequente.
742 3517 743 3524 ,
826 3463 827 3470 ’
860 3486 862 3497 ’
