2886 4992
730 393 767 457 10

260 640 370 714 postea
405 621 513 690 denno
541 621 787 689 transferantur.
832 619 872 686 In
895 620 999 712 prima
1023 646 1116 690 causa
1136 622 1224 691 adhi-

254 749 333 836 ¹beri
367 769 471 837 solent
501 768 695 861 plerumque
730 771 866 856 majores
897 766 1042 855 surculi,
1075 772 1135 861 qui
1158 769 1225 837 lon·

258 917 438 1006 gitudiuem
459 916 583 1010 aliquot
609 916 733 1009 pedum
751 917 907 1005 habeant,
932 943 1037 1010 quum
1063 919 1097 983 in
1124 917 1224 988 ultera

258 1093 351 1136 causa
380 1068 549 1134 maximam
571 1084 699 1158 partem
721 1085 891 1134 sumantur
913 1069 1072 1135 tenuiores
1099 1065 1223 1135 surculi

212 1211 217 1220 ⁸
258 1217 355 1283 unius
376 1217 453 1282 anni
473 1212 524 1282 vel
544 1215 679 1281 biennii.
1274 1175 1278 1182 Α

303 1362 437 1430 Facilius
474 1361 535 1455 per
567 1361 659 1430 taleas
694 1361 868 1455 propagari
900 1379 1038 1454 possunt
1064 1385 1100 1428 ea
1136 1364 1226 1429 arbo-

258 1535 333 1578 rum
355 1535 491 1599 genera,
515 1537 656 1604 quarum
686 1529 854 1580 contextus
882 1513 989 1577 minus
1018 1529 1223 1603 compactus,
1286 1499 1287 1502 ¹

258 1684 319 1728 nec
343 1659 453 1727 alienis
481 1662 620 1729 materiis
642 1661 737 1726 nimis
761 1656 922 1750 repletus,
946 1655 1086 1748 ideoque
1112 1657 1153 1723 ad
1166 1657 1250 1726 hu·.

257 1834 397 1877 morese
425 1829 512 1878 terra
533 1805 746 1878 extrahendos
767 1806 864 1893 magis
889 1824 936 1873 est
959 1803 1106 1876 idoneus.
1150 1807 1224 1873 Pos-

257 1982 367 2025 sumus
404 1977 510 2023 autem
545 1957 672 2045 quasvis
708 1954 780 2051 alias
812 1956 941 2020 arbores
976 1954 1090 2022 codem
1124 1953 1222 2023 modo

256 2102 490 2195 multiplicare,
532 2103 724 2194 praesertim
761 2127 866 2196 quum
907 2103 1045 2172 artificio
1079 2103 1222 2197 quodam

255 2252 377 2322 radices
408 2277 426 2321 e
454 2250 542 2320 taleis
577 2250 736 2320 elicimus.
788 2251 858 2321 Hoc
886 2255 973 2322 inter
1002 2215 1078 2322 alios
1107 2255 1221 2322 eximie

256 2393 406 2497 probavit
441 2399 632 2469 clarissimus
667 2419 873 2470 seuutrztos
918 2403 979 2471 llic
1017 2406 1106 2470 enim
1131 2407 1223 2471 arbo-

255 2579 307 2624 res
336 2555 505 2643 frugiferas
532 2551 615 2621 adeo
641 2577 701 2646 per
733 2552 825 2621 taleas
861 2557 1062 2647 propagavit.
1108 2555 1148 2622 ln
1168 2579 1227 2634 rag

232 2704 350 2784 ¹mulis
380 2705 486 2790 enim,
517 2703 686 2771 arboribus
719 2701 827 2770 adhuc
854 2704 1058 2791 conjunctis,
1090 2703 1221 2772 annula-

257 2875 327 2920 rem
351 2851 492 2920 instituit
519 2853 725 2942 incisionem,
755 2870 811 2921 aut
846 2877 958 2936 eorum
981 2854 1139 2921 corticem
1165 2851 1222 2920 filo

256 3001 360 3070 serreo
394 3001 610 3088 constrinxit,
644 3019 699 3087 ut,
732 3000 892 3093 impedito
922 3023 1096 3068 succorum
1120 2999 1222 3068 clabo-

257 3169 403 3220 ratarum
443 3149 622 3236 descensu,
658 3151 837 3237 marginem
866 3149 1045 3237 obtineret,
1077 3174 1119 3218 ex
1156 3171 1225 3244 quo

260 3319 372 3392 postea
390 3297 513 3368 radices
540 3297 665 3369 facilius
695 3297 985 3392 protruderentur.
1013 3299 1156 3366 -lte'iada
1175 3323 1225 3367 ra·

257 3445 339 3514 muli
367 3445 434 3533 illi,
457 3466 634 3540 postquam
664 3469 775 3533 margo
808 3447 882 3512 satis
914 3463 982 3514 erat
1008 3447 1220 3528 incrassatus,

258 3595 344 3662 infra
372 3618 448 3662 eum
480 3595 620 3662 abscidit
652 3613 688 3663 et
723 3596 759 3661 in
795 3613 916 3664 terram
953 3592 1126 3687 deposuit,
1160 3591 1221 3658 ubi

261 3769 337 3812 mox
357 3742 480 3811 radices
501 3745 636 3833 agebant
648 3743 710 3834 (l).

267 3899 594 3916 *Dm-fl-

289 3986 332 4060 (1)
352 3985 384 4040 C.
409 3985 444 4037 Η.
472 3983 634 4054 Sonunrz,
659 3984 703 4040 dis
733 3981 821 4036 Natus
849 3981 897 4038 der
925 3980 1081 4052 lebendigeu
1109 3980 1226 4038 Pllaaze.

351 4075 400 4144 ll,
425 4071 484 4127 524.
807 4103 819 4132 ι
