<?xml version="1.0" encoding="UTF-8"?>
<!DOCTYPE html PUBLIC "-//W3C//DTD XHTML 1.0 Transitional//EN"
    "http://www.w3.org/TR/xhtml1/DTD/xhtml1-transitional.dtd">
<html xmlns="http://www.w3.org/1999/xhtml" xml:lang="en" lang="en">
 <head>
  <title>
</title>
<meta http-equiv="Content-Type" content="text/html;charset=utf-8" />
  <meta name='ocr-system' content='tesseract 3.04.00' />
  <meta name='ocr-capabilities' content='ocr_page ocr_carea ocr_par ocr_line ocrx_word'/>
</head>
<body>
  <div class='ocr_page' id='page_1' title='image "./dissertatiooeco00wttegoog_0063.png"; bbox 0 0 2886 4992; ppageno 0'>
   <div class='ocr_carea' id='block_1_1' title="bbox 645 370 686 433">
    <p class='ocr_par' dir='ltr' id='par_1_1' title="bbox 645 370 686 433">
     <span class='ocr_line' id='line_1_1' title="bbox 645 370 686 433; baseline -0.024 0"><span class='ocrx_word' id='word_1_1' title='bbox 645 370 686 433; x_wconf 76' lang='lat'><strong>45</strong></span> 
     </span>
    </p>
   </div>
   <div class='ocr_carea' id='block_1_2' title="bbox 116 605 1228 2629">
    <p class='ocr_par' dir='ltr' id='par_1_2' title="bbox 189 605 1165 1296">
     <span class='ocr_line' id='line_1_2' title="bbox 197 605 1162 693; baseline 0 -18"><span class='ocrx_word' id='word_1_2' title='bbox 197 627 234 678; x_wconf 89' lang='lat' dir='ltr'><strong>ut</strong></span> <span class='ocrx_word' id='word_1_3' title='bbox 252 607 382 676; x_wconf 85' lang='lat' dir='ltr'><strong>eaedem</strong></span> <span class='ocrx_word' id='word_1_4' title='bbox 398 606 604 693; x_wconf 80' lang='lat' dir='ltr'>arbusculae,</span> <span class='ocrx_word' id='word_1_5' title='bbox 622 607 649 672; x_wconf 91' lang='lat' dir='ltr'><strong>si</strong></span> <span class='ocrx_word' id='word_1_6' title='bbox 660 630 699 674; x_wconf 85' lang='lat' dir='ltr'><strong>ex</strong></span> <span class='ocrx_word' id='word_1_7' title='bbox 713 605 773 674; x_wconf 86' lang='lat' dir='ltr'><strong>alio</strong></span> <span class='ocrx_word' id='word_1_8' title='bbox 786 608 822 674; x_wconf 89' lang='lat' dir='ltr'><strong>in</strong></span> <span class='ocrx_word' id='word_1_9' title='bbox 835 605 934 674; x_wconf 80' lang='lat' dir='ltr'><strong>olium</strong></span> <span class='ocrx_word' id='word_1_10' title='bbox 944 605 1162 677; x_wconf 82' lang='lat' dir='ltr'><strong>locumtranr-</strong></span> 
     </span>
     <span class='ocr_line' id='line_1_3' title="bbox 193 757 1165 853; baseline 0.003 -26"><span class='ocrx_word' id='word_1_11' title='bbox 193 758 377 844; x_wconf 81' lang='lat' dir='ltr'><strong>vehuntur,</strong></span> <span class='ocrx_word' id='word_1_12' title='bbox 407 758 499 844; x_wconf 86' lang='lat' dir='ltr'><strong>justo</strong></span> <span class='ocrx_word' id='word_1_13' title='bbox 528 783 546 824; x_wconf 92' lang='lat' dir='ltr'><strong>a</strong></span> <span class='ocrx_word' id='word_1_14' title='bbox 572 757 766 827; x_wconf 84' lang='lat' dir='ltr'><strong>seinvicem</strong></span> <span class='ocrx_word' id='word_1_15' title='bbox 788 759 893 850; x_wconf 85' lang='lat' dir='ltr'><strong>spatio</strong></span> <span class='ocrx_word' id='word_1_16' title='bbox 915 760 1035 827; x_wconf 89' lang='lat' dir='ltr'><strong>iterum</strong></span> <span class='ocrx_word' id='word_1_17' title='bbox 1057 759 1165 853; x_wconf 88' lang='lat' dir='ltr'><strong>dispo·</strong></span> 
     </span>
     <span class='ocr_line' id='line_1_4' title="bbox 189 908 1162 1002; baseline 0.001 -26"><span class='ocrx_word' id='word_1_18' title='bbox 189 927 309 976; x_wconf 81' lang='lat' dir='ltr'><strong>nentur</strong></span> <span class='ocrx_word' id='word_1_19' title='bbox 316 959 327 994; x_wconf 83' lang='lat'>,</span> <span class='ocrx_word' id='word_1_20' title='bbox 354 923 396 974; x_wconf 86' lang='lat' dir='ltr'><strong>ne</strong></span> <span class='ocrx_word' id='word_1_21' title='bbox 423 908 505 974; x_wconf 87' lang='lat' dir='ltr'><strong>rami</strong></span> <span class='ocrx_word' id='word_1_22' title='bbox 531 908 701 976; x_wconf 80' lang='lat' dir='ltr'><strong>intereant.</strong></span> <span class='ocrx_word' id='word_1_23' title='bbox 756 909 1029 1002; x_wconf 83' lang='lat' dir='ltr'><strong>Quamprimum</strong></span> <span class='ocrx_word' id='word_1_24' title='bbox 1055 927 1162 977; x_wconf 85' lang='lat' dir='ltr'><strong>autem</strong></span> 
     </span>
     <span class='ocr_line' id='line_1_5' title="bbox 192 1055 1165 1151; baseline 0.004 -29"><span class='ocrx_word' id='word_1_25' title='bbox 192 1059 274 1122; x_wconf 89' lang='lat' dir='ltr'><strong>rami</strong></span> <span class='ocrx_word' id='word_1_26' title='bbox 311 1058 397 1124; x_wconf 88' lang='lat' dir='ltr'><strong>inter</strong></span> <span class='ocrx_word' id='word_1_27' title='bbox 427 1080 460 1122; x_wconf 91' lang='lat' dir='ltr'><strong>se</strong></span> <span class='ocrx_word' id='word_1_28' title='bbox 497 1055 728 1150; x_wconf 80' lang='lat' dir='ltr'><strong>implicantur,</strong></span> <span class='ocrx_word' id='word_1_29' title='bbox 760 1055 873 1124; x_wconf 85' lang='lat' dir='ltr'><strong>denuo</strong></span> <span class='ocrx_word' id='word_1_30' title='bbox 904 1055 999 1126; x_wconf 83' lang='lat' dir='ltr'><strong>latius</strong></span> <span class='ocrx_word' id='word_1_31' title='bbox 1032 1056 1165 1151; x_wconf 84' lang='lat' dir='ltr'><strong>disponi</strong></span> 
     </span>
     <span class='ocr_line' id='line_1_6' title="bbox 192 1206 485 1296; baseline 0 -24"><span class='ocrx_word' id='word_1_32' title='bbox 192 1206 323 1272; x_wconf 87' lang='lat' dir='ltr'><strong>arbores</strong></span> <span class='ocrx_word' id='word_1_33' title='bbox 346 1222 485 1296; x_wconf 85' lang='lat' dir='ltr'><strong>oportet.</strong></span> 
     </span>
    </p>

    <p class='ocr_par' dir='ltr' id='par_1_3' title="bbox 116 1353 1228 2629">
     <span class='ocr_line' id='line_1_7' title="bbox 241 1353 1163 1456; baseline -0.001 -33"><span class='ocrx_word' id='word_1_34' title='bbox 241 1354 337 1424; x_wconf 80' lang='lat' dir='ltr'><strong>Multi</strong></span> <span class='ocrx_word' id='word_1_35' title='bbox 346 1375 442 1442; x_wconf 87' lang='lat' dir='ltr'><strong>sunt,</strong></span> <span class='ocrx_word' id='word_1_36' title='bbox 458 1357 517 1448; x_wconf 86' lang='lat' dir='ltr'><strong>qui</strong></span> <span class='ocrx_word' id='word_1_37' title='bbox 527 1374 665 1456; x_wconf 80' lang='lat' dir='ltr'><strong>putant,</strong></span> <span class='ocrx_word' id='word_1_38' title='bbox 676 1358 806 1424; x_wconf 87' lang='lat' dir='ltr'><strong>arbores</strong></span> <span class='ocrx_word' id='word_1_39' title='bbox 817 1379 885 1423; x_wconf 89' lang='lat' dir='ltr'><strong>non</strong></span> <span class='ocrx_word' id='word_1_40' title='bbox 897 1357 971 1424; x_wconf 87' lang='lat' dir='ltr'><strong>satis</strong></span> <span class='ocrx_word' id='word_1_41' title='bbox 985 1353 1062 1424; x_wconf 82' lang='lat' dir='ltr'><strong>altas</strong></span> <span class='ocrx_word' id='word_1_42' title='bbox 1075 1355 1163 1442; x_wconf 84' lang='lat' dir='ltr'><strong>fore,</strong></span> 
     </span>
     <span class='ocr_line' id='line_1_8' title="bbox 116 1471 1161 1600; baseline 0.003 -30"><span class='ocrx_word' id='word_1_43' title='bbox 116 1471 126 1524; x_wconf 18' lang='grc' dir='ltr'><strong>’ἱ</strong></span> <span class='ocrx_word' id='word_1_44' title='bbox 190 1523 224 1573; x_wconf 88' lang='lat' dir='ltr'><strong>et</strong></span> <span class='ocrx_word' id='word_1_45' title='bbox 257 1503 388 1572; x_wconf 88' lang='lat' dir='ltr'><strong>illarum</strong></span> <span class='ocrx_word' id='word_1_46' title='bbox 418 1521 554 1586; x_wconf 86' lang='lat' dir='ltr'><strong>truncos</strong></span> <span class='ocrx_word' id='word_1_47' title='bbox 578 1504 673 1571; x_wconf 83' lang='lat' dir='ltr'><strong>nimis</strong></span> <span class='ocrx_word' id='word_1_48' title='bbox 702 1504 768 1572; x_wconf 88' lang='lat' dir='ltr'><strong>oito</strong></span> <span class='ocrx_word' id='word_1_49' title='bbox 792 1505 926 1572; x_wconf 83' lang='lat' dir='ltr'><strong>brachia</strong></span> <span class='ocrx_word' id='word_1_50' title='bbox 949 1523 1161 1600; x_wconf 78' lang='lat' dir='ltr'><strong>accepturos,</strong></span> 
     </span>
     <span class='ocr_line' id='line_1_9' title="bbox 195 1651 1166 1751; baseline 0.004 -31"><span class='ocrx_word' id='word_1_51' title='bbox 195 1654 223 1720; x_wconf 90' lang='lat' dir='ltr'><strong>si</strong></span> <span class='ocrx_word' id='word_1_52' title='bbox 242 1653 326 1720; x_wconf 86' lang='lat' dir='ltr'><strong>rami</strong></span> <span class='ocrx_word' id='word_1_53' title='bbox 345 1676 379 1720; x_wconf 90' lang='lat' dir='ltr'><strong>se</strong></span> <span class='ocrx_word' id='word_1_54' title='bbox 401 1653 542 1751; x_wconf 81' lang='lat' dir='ltr'><strong>invicem</strong></span> <span class='ocrx_word' id='word_1_55' title='bbox 557 1675 625 1720; x_wconf 89' lang='lat' dir='ltr'><strong>non</strong></span> <span class='ocrx_word' id='word_1_56' title='bbox 646 1651 829 1745; x_wconf 84' lang='lat' dir='ltr'><strong>implicent.</strong></span> <span class='ocrx_word' id='word_1_57' title='bbox 858 1655 996 1722; x_wconf 69' lang='lat' dir='ltr'><strong>lerum</strong></span> <span class='ocrx_word' id='word_1_58' title='bbox 1017 1655 1096 1726; x_wconf 87' lang='lat' dir='ltr'><strong>levis</strong></span> <span class='ocrx_word' id='word_1_59' title='bbox 1109 1657 1166 1724; x_wconf 86' lang='lat' dir='ltr'><strong>hio</strong></span> 
     </span>
     <span class='ocr_line' id='line_1_10' title="bbox 192 1767 1166 1895; baseline 0.001 -22"><span class='ocrx_word' id='word_1_60' title='bbox 192 1772 290 1873; x_wconf 85' lang='lat' dir='ltr'><strong>timor</strong></span> <span class='ocrx_word' id='word_1_61' title='bbox 316 1821 375 1872; x_wconf 81' lang='lat' dir='ltr'><strong>est.</strong></span> <span class='ocrx_word' id='word_1_62' title='bbox 422 1803 532 1870; x_wconf 74' lang='lat' dir='ltr'><strong>Arbor</strong></span> <span class='ocrx_word' id='word_1_63' title='bbox 558 1805 690 1895; x_wconf 83' lang='lat' dir='ltr'><strong>quaevis</strong></span> <span class='ocrx_word' id='word_1_64' title='bbox 714 1827 869 1890; x_wconf 82' lang='lat' dir='ltr'><strong>magnum</strong></span> <span class='ocrx_word' id='word_1_65' title='bbox 883 1767 1166 1891; x_wconf 71' lang='lat' dir='ltr'><strong>uuneumfaoiet,</strong></span> 
     </span>
     <span class='ocr_line' id='line_1_11' title="bbox 194 1952 1228 2044; baseline 0.006 -26"><span class='ocrx_word' id='word_1_66' title='bbox 194 1969 227 2018; x_wconf 86' lang='lat' dir='ltr'><strong>et</strong></span> <span class='ocrx_word' id='word_1_67' title='bbox 247 1952 444 2044; x_wconf 84' lang='lat' dir='ltr'><strong>proceritate</strong></span> <span class='ocrx_word' id='word_1_68' title='bbox 463 1953 598 2038; x_wconf 79' lang='lat' dir='ltr'><strong>insignis</strong></span> <span class='ocrx_word' id='word_1_69' title='bbox 626 1953 710 2039; x_wconf 88' lang='lat' dir='ltr'><strong>erit,</strong></span> <span class='ocrx_word' id='word_1_70' title='bbox 739 1952 838 2020; x_wconf 87' lang='lat' dir='ltr'><strong>modo</strong></span> <span class='ocrx_word' id='word_1_71' title='bbox 858 1955 942 2020; x_wconf 90' lang='lat' dir='ltr'><strong>bene</strong></span> <span class='ocrx_word' id='word_1_72' title='bbox 966 1973 1108 2041; x_wconf 85' lang='lat' dir='ltr'><strong>crescat,</strong></span> <span class='ocrx_word' id='word_1_73' title='bbox 1132 1973 1167 2024; x_wconf 90' lang='lat' dir='ltr'><strong>et</strong></span> <span class='ocrx_word' id='word_1_74' title='bbox 1224 2033 1228 2037; x_wconf 17' lang='grc' dir='ltr'><strong>Α</strong></span> 
     </span>
     <span class='ocr_line' id='line_1_12' title="bbox 193 2097 1166 2194; baseline 0.005 -27"><span class='ocrx_word' id='word_1_75' title='bbox 193 2099 318 2170; x_wconf 84' lang='lat' dir='ltr'><strong>radices</strong></span> <span class='ocrx_word' id='word_1_76' title='bbox 343 2125 416 2176; x_wconf 82' lang='lat' dir='ltr'><strong>suas</strong></span> <span class='ocrx_word' id='word_1_77' title='bbox 438 2102 508 2167; x_wconf 88' lang='lat' dir='ltr'><strong>sine</strong></span> <span class='ocrx_word' id='word_1_78' title='bbox 526 2099 595 2168; x_wconf 91' lang='lat' dir='ltr'><strong>ullo</strong></span> <span class='ocrx_word' id='word_1_79' title='bbox 615 2097 849 2194; x_wconf 85' lang='lat' dir='ltr'><strong>impedimento</strong></span> <span class='ocrx_word' id='word_1_80' title='bbox 867 2100 1042 2168; x_wconf 85' lang='lat' dir='ltr'><strong>extendere</strong></span> <span class='ocrx_word' id='word_1_81' title='bbox 1057 2121 1166 2194; x_wconf 85' lang='lat' dir='ltr'><strong>queat.</strong></span> 
     </span>
     <span class='ocr_line' id='line_1_13' title="bbox 194 2249 1167 2342; baseline 0.004 -26"><span class='ocrx_word' id='word_1_82' title='bbox 194 2250 304 2342; x_wconf 77' lang='lat' dir='ltr'><strong>Atque</strong></span> <span class='ocrx_word' id='word_1_83' title='bbox 331 2252 359 2316; x_wconf 86' lang='lat' dir='ltr'><strong>si</strong></span> <span class='ocrx_word' id='word_1_84' title='bbox 385 2268 525 2317; x_wconf 85' lang='lat' dir='ltr'><strong>truncus</strong></span> <span class='ocrx_word' id='word_1_85' title='bbox 552 2249 637 2316; x_wconf 85' lang='lat' dir='ltr'><strong>forte</strong></span> <span class='ocrx_word' id='word_1_86' title='bbox 663 2249 759 2315; x_wconf 86' lang='lat' dir='ltr'><strong>nimis</strong></span> <span class='ocrx_word' id='word_1_87' title='bbox 789 2251 855 2318; x_wconf 84' lang='lat' dir='ltr'><strong>aito</strong></span> <span class='ocrx_word' id='word_1_88' title='bbox 880 2253 916 2316; x_wconf 90' lang='lat' dir='ltr'><strong>in</strong></span> <span class='ocrx_word' id='word_1_89' title='bbox 940 2249 1083 2320; x_wconf 86' lang='lat' dir='ltr'><strong>diversos</strong></span> <span class='ocrx_word' id='word_1_90' title='bbox 1109 2277 1167 2320; x_wconf 88' lang='lat' dir='ltr'><strong>ra-</strong></span> 
     </span>
     <span class='ocr_line' id='line_1_14' title="bbox 196 2391 1166 2494; baseline 0 -28"><span class='ocrx_word' id='word_1_91' title='bbox 196 2423 265 2468; x_wconf 85' lang='lat' dir='ltr'><strong>mos</strong></span> <span class='ocrx_word' id='word_1_92' title='bbox 297 2401 409 2486; x_wconf 83' lang='lat' dir='ltr'><strong>abeat,</strong></span> <span class='ocrx_word' id='word_1_93' title='bbox 441 2391 613 2494; x_wconf 78' lang='lat' dir='ltr'><strong>possumus</strong></span> <span class='ocrx_word' id='word_1_94' title='bbox 640 2399 695 2466; x_wconf 86' lang='lat' dir='ltr'><strong>isti</strong></span> <span class='ocrx_word' id='word_1_95' title='bbox 720 2398 805 2468; x_wconf 89' lang='lat' dir='ltr'><strong>malo</strong></span> <span class='ocrx_word' id='word_1_96' title='bbox 827 2423 1019 2468; x_wconf 82' lang='lat' dir='ltr'><strong>succmrere</strong></span> <span class='ocrx_word' id='word_1_97' title='bbox 1045 2425 1166 2493; x_wconf 87' lang='lat' dir='ltr'><strong>ampu-</strong></span> 
     </span>
     <span class='ocr_line' id='line_1_15' title="bbox 192 2545 1189 2629; baseline -0.002 -13"><span class='ocrx_word' id='word_1_98' title='bbox 192 2549 311 2618; x_wconf 76' lang='lat' dir='ltr'><strong>tatione</strong></span> <span class='ocrx_word' id='word_1_99' title='bbox 350 2545 517 2614; x_wconf 87' lang='lat' dir='ltr'><strong>ramorum</strong></span> <span class='ocrx_word' id='word_1_100' title='bbox 539 2545 769 2614; x_wconf 82' lang='lat' dir='ltr'><strong>terminalium.</strong></span> <span class='ocrx_word' id='word_1_101' title='bbox 795 2564 798 2568; x_wconf 88' lang='grc'>·</span> <span class='ocrx_word' id='word_1_102' title='bbox 825 2545 911 2629; x_wconf 83' lang='lat' dir='ltr'><strong>Quin</strong></span> <span class='ocrx_word' id='word_1_103' title='bbox 937 2547 1034 2612; x_wconf 87' lang='lat' dir='ltr'><strong>etiam</strong></span> <span class='ocrx_word' id='word_1_104' title='bbox 1060 2565 1189 2614; x_wconf 81' lang='lat' dir='ltr'><strong>motus·</strong></span> 
     </span>
    </p>
   </div>
   <div class='ocr_carea' id='block_1_3' title="bbox 194 2691 1167 2796">
    <p class='ocr_par' dir='ltr' id='par_1_4' title="bbox 194 2691 1167 2796">
     <span class='ocr_line' id='line_1_16' title="bbox 194 2691 1167 2796; baseline 0.002 -35"><span class='ocrx_word' id='word_1_105' title='bbox 194 2719 369 2764; x_wconf 78' lang='lat' dir='ltr'><strong>succorum</strong></span> <span class='ocrx_word' id='word_1_106' title='bbox 404 2713 513 2787; x_wconf 87' lang='lat' dir='ltr'><strong>potest</strong></span> <span class='ocrx_word' id='word_1_107' title='bbox 543 2692 786 2796; x_wconf 75' lang='lat' dir='ltr'><strong>quodammodo</strong></span> <span class='ocrx_word' id='word_1_108' title='bbox 818 2691 968 2780; x_wconf 84' lang='lat' dir='ltr'><strong>adjuvari</strong></span> <span class='ocrx_word' id='word_1_109' title='bbox 999 2711 1031 2762; x_wconf 90' lang='lat' dir='ltr'><strong>et</strong></span> <span class='ocrx_word' id='word_1_110' title='bbox 1058 2717 1167 2763; x_wconf 78' lang='lat' dir='ltr'><strong>versus</strong></span> 
     </span>
    </p>
   </div>
   <div class='ocr_carea' id='block_1_4' title="bbox 195 2841 1165 2930">
    <p class='ocr_par' dir='ltr' id='par_1_5' title="bbox 195 2841 1165 2930">
     <span class='ocr_line' id='line_1_17' title="bbox 195 2841 1165 2930; baseline -0.001 -16"><span class='ocrx_word' id='word_1_111' title='bbox 195 2847 413 2914; x_wconf 74' lang='lat' dir='ltr'><strong>summitatem</strong></span> <span class='ocrx_word' id='word_1_112' title='bbox 446 2845 570 2912; x_wconf 83' lang='lat' dir='ltr'><strong>arboris</strong></span> <span class='ocrx_word' id='word_1_113' title='bbox 608 2841 704 2930; x_wconf 84' lang='lat' dir='ltr'><strong>dirigi</strong></span> <span class='ocrx_word' id='word_1_114' title='bbox 739 2865 903 2910; x_wconf 88' lang='lat' dir='ltr'><strong>ramorum</strong></span> <span class='ocrx_word' id='word_1_115' title='bbox 929 2843 1165 2913; x_wconf 87' lang='lat' dir='ltr'><strong>nonnullorum</strong></span> 
     </span>
    </p>
   </div>
   <div class='ocr_carea' id='block_1_5' title="bbox 194 2989 1168 3236">
    <p class='ocr_par' dir='ltr' id='par_1_6' title="bbox 194 2989 1168 3236">
     <span class='ocr_line' id='line_1_18' title="bbox 194 2989 1168 3088; baseline -0.003 -25"><span class='ocrx_word' id='word_1_116' title='bbox 194 2993 439 3088; x_wconf 69' lang='lat' dir='ltr'><strong>amputatione3</strong></span> <span class='ocrx_word' id='word_1_117' title='bbox 474 3009 615 3062; x_wconf 85' lang='lat' dir='ltr'><strong>attamen</strong></span> <span class='ocrx_word' id='word_1_118' title='bbox 648 2992 685 3057; x_wconf 86' lang='lat' dir='ltr'><strong>in</strong></span> <span class='ocrx_word' id='word_1_119' title='bbox 719 2989 784 3058; x_wconf 86' lang='lat' dir='ltr'><strong>hoe</strong></span> <span class='ocrx_word' id='word_1_120' title='bbox 822 2993 949 3079; x_wconf 82' lang='lat' dir='ltr'><strong>negotio</strong></span> <span class='ocrx_word' id='word_1_121' title='bbox 988 2994 1168 3060; x_wconf 82' lang='lat' dir='ltr'><strong>necessaria</strong></span> 
     </span>
     <span class='ocr_line' id='line_1_19' title="bbox 196 3139 1165 3236; baseline 0 -26"><span class='ocrx_word' id='word_1_122' title='bbox 196 3143 309 3210; x_wconf 80' lang='lat' dir='ltr'><strong>erutio&#39;</strong></span> <span class='ocrx_word' id='word_1_123' title='bbox 340 3142 527 3212; x_wconf 83' lang='lat' dir='ltr'><strong>adhibenda</strong></span> <span class='ocrx_word' id='word_1_124' title='bbox 567 3160 636 3228; x_wconf 82' lang='lat' dir='ltr'><strong>est,</strong></span> <span class='ocrx_word' id='word_1_125' title='bbox 680 3139 774 3234; x_wconf 88' lang='lat' dir='ltr'><strong>quod</strong></span> <span class='ocrx_word' id='word_1_126' title='bbox 810 3143 908 3209; x_wconf 89' lang='lat' dir='ltr'><strong>nimia</strong></span> <span class='ocrx_word' id='word_1_127' title='bbox 945 3143 1165 3236; x_wconf 83' lang='lat' dir='ltr'><strong>amputatione</strong></span> 
     </span>
    </p>
   </div>
   <div class='ocr_carea' id='block_1_6' title="bbox 196 3288 1167 3378">
    <p class='ocr_par' dir='ltr' id='par_1_7' title="bbox 196 3288 1167 3378">
     <span class='ocr_line' id='line_1_20' title="bbox 196 3288 1167 3378; baseline 0 -20"><span class='ocrx_word' id='word_1_128' title='bbox 196 3291 280 3359; x_wconf 82' lang='lat' dir='ltr'><strong>effici</strong></span> <span class='ocrx_word' id='word_1_129' title='bbox 303 3289 405 3377; x_wconf 86' lang='lat' dir='ltr'><strong>solet,·</strong></span> <span class='ocrx_word' id='word_1_130' title='bbox 427 3309 466 3358; x_wconf 89' lang='lat' dir='ltr'><strong>nt</strong></span> <span class='ocrx_word' id='word_1_131' title='bbox 490 3292 587 3358; x_wconf 89' lang='lat' dir='ltr'><strong>arbor</strong></span> <span class='ocrx_word' id='word_1_132' title='bbox 612 3290 708 3356; x_wconf 84' lang='lat' dir='ltr'><strong>nimis</strong></span> <span class='ocrx_word' id='word_1_133' title='bbox 732 3288 795 3358; x_wconf 87' lang='lat' dir='ltr'><strong>alta</strong></span> <span class='ocrx_word' id='word_1_134' title='bbox 815 3289 891 3378; x_wconf 85' lang='lat' dir='ltr'><strong>liat,</strong></span> <span class='ocrx_word' id='word_1_135' title='bbox 921 3309 955 3358; x_wconf 89' lang='lat' dir='ltr'><strong>et</strong></span> <span class='ocrx_word' id='word_1_136' title='bbox 976 3291 1024 3360; x_wconf 84' lang='lat' dir='ltr'><strong>sio</strong></span> <span class='ocrx_word' id='word_1_137' title='bbox 1045 3291 1081 3358; x_wconf 91' lang='lat' dir='ltr'><strong>in</strong></span> <span class='ocrx_word' id='word_1_138' title='bbox 1104 3291 1167 3360; x_wconf 79' lang='lat' dir='ltr'><strong>ista</strong></span> 
     </span>
    </p>
   </div>
   <div class='ocr_carea' id='block_1_7' title="bbox 198 3440 955 3514">
    <p class='ocr_par' dir='ltr' id='par_1_8' title="bbox 198 3440 955 3514">
     <span class='ocr_line' id='line_1_21' title="bbox 198 3440 955 3514; baseline -0.003 -3"><span class='ocrx_word' id='word_1_139' title='bbox 198 3443 296 3514; x_wconf 87' lang='lat' dir='ltr'><strong>modo</strong></span> <span class='ocrx_word' id='word_1_140' title='bbox 321 3461 567 3514; x_wconf 84' lang='lat' dir='ltr'><strong>commemorata</strong></span> <span class='ocrx_word' id='word_1_141' title='bbox 592 3441 797 3513; x_wconf 84' lang='lat' dir='ltr'><strong>incommoda</strong></span> <span class='ocrx_word' id='word_1_142' title='bbox 824 3440 955 3513; x_wconf 85' lang='lat' dir='ltr'><strong>incidat.</strong></span> 
     </span>
    </p>
   </div>
   <div class='ocr_carea' id='block_1_8' title="bbox 0 0 1455 4992">
    <p class='ocr_par' dir='ltr' id='par_1_9' title="bbox 0 0 1455 4992">
     <span class='ocr_line' id='line_1_22' title="bbox 0 0 1455 4992; baseline 0 0"><span class='ocrx_word' id='word_1_143' title='bbox 0 0 1455 4992; x_wconf 95' lang='lat' dir='ltr'><strong> </strong></span> 
     </span>
    </p>
   </div>
  </div>
 </body>
</html>
