2890 4978
641 1067 827 1166 ctPttt
870 1071 926 1169 X.

568 1431 611 1480 DE
647 1433 746 1482 uatus
782 1429 1004 1484 nucuuttttms

349 2048 434 2149 Jam
451 2098 542 2148 antea
560 2078 721 2164 diximus,
737 2079 774 2144 in
789 2079 960 2189 arboribus
975 2078 1164 2148 effodiendis
1183 2106 1269 2150 sum·

306 2257 391 2300 mam
411 2253 523 2298 curam
545 2225 766 2296 adhibendam
785 2251 851 2295 esse
871 2227 1042 2316 radicum,
1064 2247 1098 2298 ct
1120 2231 1157 2296 in
1180 2229 1271 2323 plan·

305 2379 409 2448 tundis
418 2377 588 2445 arboribus
596 2373 719 2442 radices
733 2377 829 2442 nimis
839 2376 1003 2446 decurtari
1013 2429 1023 2465 ,
1035 2378 1126 2448 valde
1136 2382 1271 2448 noxium

304 2553 381 2598 esse.
426 2527 501 2596 Jam
520 2526 620 2613 igitur
641 2526 669 2592 si
688 2512 854 2612 volumus,
883 2545 921 2595 ut
945 2528 1067 2595 arboris
1100 2527 1268 2598 translatio

294 2679 443 2765 ¹minimo
462 2689 539 2744 cum
551 2673 697 2768 periculo
712 2677 888 2762 conjuncta
904 2677 964 2763 sit,
984 2701 1053 2745 non
1071 2679 1170 2746 modo
1182 2677 1270 2748 illius
1369 2665 1374 2674 ’

305 2823 453 2910 radices,
471 2847 599 2891 -verum
621 2825 716 2892 etiam
739 2824 840 2911 rami,
864 2843 1024 2916 quantum
1048 2825 1118 2892 fieri
1142 2843 1269 2918 potest,

307 2973 489 3045 conservari
511 2971 646 3041 debent.
690 2973 898 3042 Necessitudo
925 2977 1014 3042 enim
1035 2976 1120 3042 inter
1143 2974 1268 3046 radices

305 3143 340 3194 et
370 3135 487 3192 ramos
514 3123 692 3191 arctissima
721 3143 780 3192 est.
835 3123 921 3192 Haec
956 3143 1065 3193 autem
1103 3149 1171 3194 non
1208 3151 1271 3194 am-

307 3275 429 3367 putatis
451 3271 615 3341 radicibus
628 3291 661 3340 et
673 3271 964 3342 decurtatis-ramis
983 3269 1133 3342 omnium
1149 3275 1270 3368 optime

307 3421 429 3492 intacta
460 3423 624 3510 manebit,
654 3423 699 3507 ita
725 3441 764 3491 ut
786 3423 882 3490 arbor
908 3447 979 3490 suas
1007 3423 1190 3492 functiones
1222 3444 1271 3488 sc·

308 3569 368 3640 lito
400 3595 491 3641 more
527 3595 693 3644 excercere
726 3591 845 3664 queat,
884 3574 945 3641 ubi
979 3591 1131 3642 neutrum
1160 3570 1270 3638 locum

307 3719 470 3788 habuerit.

353 3870 470 3956 Succi,
499 3895 582 3963 quos
615 3871 737 3940 radices
773 3873 809 3937 in
838 3895 871 3939 se
896 3869 1081 3962 recipiunt,
1104 3864 1272 3958 duplicem

311 4022 524 4092 mutationem
555 4025 723 4110 subeunt,
745 4023 904 4092 nimirum
933 4021 1054 4090 ratione
1084 4017 1271 4111 quantitatis
1338 4027 1341 4032 ’
