2886 4992
739 414 783 480 22

314 656 424 750 Atque
442 656 523 724 hinc
545 655 643 724 etiam
666 655 815 748 inprimis
837 656 1027 747 propagatio
1049 679 1110 748 per
1127 657 1234 745 junio·
1348 722 1354 726 .

270 827 322 871 res
344 801 530 872 arbusculas
552 801 816 888 commendatur,
839 819 938 895 atque
957 826 1009 870 ex.
1023 827 1072 890 gr.
1092 806 1236 874 etiamin

211 1011 213 1020 ,
268 951 347 1021 locis
374 950 505 1019 incultis
527 949 569 1016 ad
586 951 699 1044 pineta
717 948 854 1018 serenda
872 952 1049 1044 praecipue
1067 953 1165 1022 unius
1186 951 1246 1025 vel'

269 1101 410 1170 duorum
432 1123 594 1168 annorum
613 1099 713 1191 pinus
734 1097 943 1170 adhibentur.

310 1251 397 1318 Iliari
418 1267 524 1318 umen
549 1271 644 1342 scope
666 1267 787 1342 potest,
810 1266 850 1319 ut
868 1249 1043 1340 confugere
1056 1250 1174 1324 debeas
1193 1250 1235 1318 ad

207 1426 209 1430 ·
265 1395 456 1467 vetustiores
483 1395 681 1466 arbusculas.

309 1542 391 1614 Nam
417 1544 446 1610 si
468 1561 554 1612 terra
576 1543 672 1648 nimis
692 1544 779 1614 sicca
798 1563 831 1614 et
850 1563 1019 1639 compacta
1037 1563 1106 1632 est,
1128 1545 1237 1613 arbus-

267 1690 349 1762 culis
362 1693 551 1781 junioribus
573 1693 624 1762 uti
644 1715 712 1760 non
731 1713 924 1783 possumus3
949 1715 1055 1782 quum
1073 1691 1109 1756 in
1130 1691 1235 1780 priori

268 1865 345 1910 casu
373 1859 459 1910 terra
481 1859 597 1911 aestate
618 1838 713 1928 nimis
737 1837 939 1924 exsiccetur,
972 1855 1006 1908 et
1037 1838 1085 1906 sic
1113 1839 1236 1907 tenuio-

264 1946 658 2058 reszuadte‘esssanaerems
680 1984 815 2052 defectu
835 1985 1092 2053 necessariorum
1121 1985 1235 2054 bumo-

263 2130 465 2200 numadum
478 2127 527 2196 ’in
551 2125 657 2198 altero
680 2153 757 2198 casu
778 2127 925 2218 radices,
947 2093 1068 2224 utpoic‘
1083 2129 1235 2234 nondum

261 2281 336 2350 satir
352 2280 535 2366 rubust'aer
559 2303 623 2372 per
649 2299 852 2374 compactam
874 2299 994 2352 terram
1020 2281 1115 2352 altius
1137 2293 1250 2376 penu,

262 2428 608 2519 uereuonpossunt.

304 2576 457 2650 d’orrcai
475 2576 565 2668 sylva
587 2573 711 2644 xcaedua
738 2573 932 2668 complenda
957 2593 1027 2664 est,
1043 2580 1132 2646 tame
1152 2576 1231 2646 item

265 2703 401 2812 rujores
414 2723 601 2794 arbusculas
615 2745 742 2792 sumere
769 2723 935 2794 debemus.
966 2725 1126 2812 Quoniam
1144 2728 1233 2797 euim

266 2871 387 2944 roselli
408 2873 539 2942 ⁴surculi
571 2874 607 2954 iu
644 2873 741 2965 sylvis
781 2874 1045 2970 coctusquam
1079 2876 1233 2946 citissime

232 3039 441 3112 arescunt,
471 3045 585 3094 recens
620 3024 657 3092 in
695 3024 973 3119 complementum
1006 3027 1112 3120 sylvae
1135 3044 1234 3097 'satae

266 3167 472 3258 arbusculae,
512 3187 630 3262 utpote
665 3170 783 3242 lentius
828 3193 1029 3264 crescentes,
1071 3176 1237 3270 opprime·
1347 3269 1349 3275 ¹

267 3321 405 3409 rentu'r,
427 3341 542 3414 quum
570 3337 683 3388 contra
708 3347 745 3390 ea
771 3323 879 3391 minus
899 3323 1087 3418 periculum
1108 3326 1169 3412 sit,
1195 3343 1235 3394 nt

266 3467 320 3536 illa
340 3471 509 3561 oppressio
528 3448 640 3538 locum
664 3470 801 3558 babeat,
825 3471 860 3540 si
884 3473 1020 3563 majores
1045 3459 1233 3540 arbusculas

249 3599 462 3686 adhibueris.
516 3618 688 3708 Ejusmodi
725 3621 860 3708 majores
895 3621 1086 3691 arbusculae
1120 3581 1240 3708 enim,v

264 3791 364 3862 quam
376 3769 522 3860 primum
538 3770 627 3864 sylva
645 3770 754 3840 denuo
770 3771 950 3842 recidenda
957 3773 1040 3858 erit,
1063 3772 1137 3840 satis
1151 3771 1228 3840 altas

160 3995 161 4000 η
258 3917 383 3988 radices
414 3919 514 4006 egisse
543 3921 860 4013 animadvertentur,
897 3941 929 3995 et
957 3941 1131 4018 propterca
1163 3945 1230 3994 cae-

257 4068 367 4139 dendo
386 4072 494 4142 minus
522 4075 764 4145 concutientur.
858 4121 860 4125 f
893 4089 894 4092 ’
