2886 4992
657 331 697 398 31

194 567 332 653 debere,
359 563 523 656 siquidem
541 563 611 653 ipsa
632 577 765 628 naturae
787 582 862 626 suae
884 563 1077 630 contrariam
1104 587 1161 664 po

190 718 342 792 sitionem
373 709 579 780 translatione
605 709 754 801 accipiat.
808 707 932 776 Verum
961 709 1042 778 baec
1071 736 1160 800 argu-

105 863 110 870 *
190 865 344 944 mentatio
366 887 435 932 non
458 862 533 932 satis
553 861 646 928 firma
664 884 701 928 ao
722 876 808 959 oerta
827 855 969 926 videtur.
1013 857 1160 930 Truncus

189 1018 278 1088 enim
306 1014 365 1084 illt
397 1015 433 1082 in
466 1031 559 1106 parte
586 1013 694 1080 minus
728 1007 923 1079 extendetur
953 1027 987 1080 et
1003 1005 1161 1082 'tenum

192 1166 274 1255 bgni
298 1182 399 1234 strata
418 1163 572 1248 babebit,
593 1163 629 1228 in
657 1183 723 1254 qua
747 1161 855 1228 minor
878 1183 1034 1228 numerus
1060 1185 1161 1232 ramo·

190 1337 267 1383 rum
289 1312 492 1398 invenietur,
513 1311 580 1378 sive
602 1309 668 1376 boo
692 1309 735 1376 sit
765 1333 876 1378 versus
905 1311 1159 1402 septentriones,

188 1463 256 1532 sive
284 1466 393 1530 versus
415 1456 601 1544 meridiem
625 1475 658 1526 et
681 1455 772 1549 quod
794 1481 895 1549 porro
911 1457 952 1527 ad
975 1458 1010 1526 id
1029 1462 1159 1553 attinet,

190 1611 282 1703 quod
296 1625 466 1678 contextus
477 1598 600 1674 arboris
615 1608 651 1674 in
665 1607 1019 1700 parte'septentrionali
1032 1611 1160 1692 tenuior

186 1759 245 1846 sit,
268 1777 300 1828 et
323 1781 396 1840 rasa
415 1775 455 1828 et
478 1755 608 1832 oellulae
632 1757 792 1826 minorem
817 1759 976 1828 ambitum
998 1760 1159 1850 babeant,

191 1906 331 1986 minime⁴
347 1907 534 1984 anatomicis
561 1904 781 1976 fundamentis
805 1908 944 1994 nititur,
966 1909 1032 1978 imo
1051 1910 1161 2002 potius
1189 1885 1198 1908 ⁸

189 2057 241 2136 bis
269 2059 468 2128 eontrarium
496 2057 637 2131 videtur.
686 2060 822 2131 Interim
848 2077 957 2136 tamen
985 2057 1185 2156 praeeiptu'

193 2233 305 2294 eausa,
328 2234 388 2284 our
412 2211 448 2276 in
478 2208 754 2301 transplantandis
781 2211 953 2280 arboribus
978 2214 1161 2314 observatio

188 2357 345 2449 pristinae
372 2357 541 2450 positionis
570 2356 850 2430 commendatione
874 2359 973 2448 digna
992 2363 1057 2450 sit,
1079 2361 1161 2438 haeo'
1268 2411 1271 2420 .

185 2533 253 2608 este
276 2508 437 2596 ¹ridetur,
466 2507 558 2602 quod
592 2511 694 2596 rami,
723 2511 875 2601 inprimis
903 2511 1068 2596 juniores,
1097 2515 1160 2603 qui

187 2658 246 2732 toli
269 2659 415 2752 expositi
442 2659 602 2758 suerunt,
631 2660 658 2726 si
686 2675 798 2750 postea
824 2657 1023 2730 contrarium
1051 2656 1160 2732 locum

184 2811 372 2904 obtineant,
388 2811 486 2904 magis
504 2809 639 2878 obnoxii
653 2809 723 2876 sint
737 2807 924 2895 frigoribus.
943 2791 1038 2880 ‚Hinc
1050 2827 1158 2884 autent

103 3053 110 3064 Ι
185 2958 278 3028 sanila
293 2959 510 3048 intelligitur,
533 2959 621 3027 hane
643 2958 825 3027 motionem
845 2957 975 3045 majoris
998 2960 1156 3048 momenti

186 3065 262 3192 esse¹
279 3110 318 3176 in
341 3111 518 3197 majoribus
544 3110 733 3196 arboribus,
761 3134 861 3202 quam
889 3108 1024 3203 quidem
1046 3110 1082 3178 in
1106 3135 1157 3178 ar·

184 3253 364 3340 hmaubs,
380 3279 520 3347 quarum
548 3255 666 3323 ramuli
691 3255 815 3328 facilius
842 3257 884 3328 ad
911 3249 1153 3328 unum'omnes

174 3405 261 3486 solis
284 3403 425 3494 ealorem
445 3405 592 3500 arripere
611 3407 727 3478 auena

230 3705 356 3796 Quinto
373 3657 442 3774 loeo
457 3723 566 3800 potest
583 3704 739 3794 agricole,
760 3705 821 3799 qui
831 3703 1003 3776 seminario
1013 3706 1152 3800 proprio

186 3877 255 3924 non
277 3875 383 3946 earet,
406 3857 543 3952 optimas
571 3857 776 3952 quasque'in
797 3876 858 3924 suo
882 3879 998 3944 genera
1020 3855 1150 3938 arborea

141 3983 145 3992 ι
183 4025 309 4098 'emim
333 4005 474 4097 ὤμω·
518 4006 614 4096 Q¹¹0d
640 4007 792 4102 prOsGGtQ
809 4005 898 4108 hetld
919 4005 1027 4096 exigui
1048 4005 1152 4098 pretii.
