2886 4992
769 353 789 410 2

269 537 450 634 'incultis,
480 550 545 617 sive
574 550 718 634 ermetis,
750 573 864 616 verum
890 552 986 619 ctiam
1018 552 1059 618 de
1086 553 1179 618 nimis
1204 553 1262 620 bu·

297 711 420 799 midis,
442 713 538 778 nimis
561 713 654 780 siccis
679 729 711 778 et
731 711 864 779 effoetis.
911 711 1028 779 Omnes
1053 715 1113 781 bae
1137 733 1262 800 terrae,

295 879 361 945 sive
386 876 533 964 frugibus
560 892 790 960 conserantur,
812 877 877 943 sive
896 876 1079 966 pecudibus
1093 877 1263 968 pascendis

294 1039 486 1124 inserviant,
511 1039 592 1106 votis
614 1037 825 1125 agricolarum
849 1039 1073 1108 satisfacientia
1094 1041 1263 1109 commoda

295 1229 374 1284 non
396 1204 611 1296 praebebunt.
656 1204 698 1272 Et
726 1221 924 1296 quamquam
951 1204 1007 1272 hic
1034 1223 1068 1272 et
1098 1203 1165 1272 illic
1190 1207 1262 1292 jam

294 1367 390 1435 multi
420 1392 459 1434 ex
489 1369 553 1435 hoc
590 1393 703 1455 genere
730 1370 796 1456 agri
823 1370 993 1436 arboribus
1022 1370 1138 1436 consiti
1163 1389 1259 1455 sunt,
1332 1472 1335 1476 Ι

291 1548 398 1595 tamen
414 1528 523 1596 adhuc
539 1529 648 1620 plures
667 1529 785 1597 inculti
802 1533 934 1616 jacent,
959 1550 1014 1598 aut
1029 1551 1115 1600 certe
1129 1533 1257 1600 arbores

290 1693 399 1762 adhuc
412 1693 516 1760 nullas
530 1695 714 1785 proferunt.

330 1858 465 1923 Interim
496 1875 602 1922 tamen
637 1871 764 1922 certum
785 1869 844 1918 est
875 1850 1037 1920 culturam
1060 1853 1110 1918 rei
1133 1854 1259 1919 arbora-

286 2025 350 2086 riac
371 2017 548 2084 admodum
565 2015 745 2082 lucrificam
765 2015 845 2082 fore.
891 2015 962 2082 Non
985 2013 1091 2082 solum
1109 2015 1255 2106 pretium

286 2183 390 2249 omnis
418 2181 540 2266 generis
561 2179 724 2266 lignorum
751 2180 913 2266 ejusmodi
940 2156 1253 2248 cnturs‘imminui-

282 2362 353 2428 tur,
391 2365 507 2410 verum
544 2343 632 2432 ipsae
670 2341 774 2432 sylvae
810 2345 906 2409 etiam
933 2343 1075 2424 multum
1103 2344 1251 2442 conferre
1280 2323 1282 2326 Ι

201 2547 203 2550 f
280 2504 384 2573 solent
416 2506 456 2571 ad
494 2503 627 2573 climatis
663 2508 974 2594 temperamentum,
1012 2522 1044 2571 ct
1080 2523 1252 2595 propterea
1316 2533 1319 2536 ·

240 2692 242 2696 ’
281 2670 440 2740 etiamad
468 2695 618 2758 agrorum
641 2667 803 2735 cultorum
830 2653 936 2758 Pretio
963 2663 1118 2751 augenda.
1213 2697 1216 2702 2
1304 2730 1307 2737 ,

323 2834 451 2897 Praeter
476 2833 556 2898 haec
585 2829 752 2897 commoda
772 2831 927 2896 arborum
949 2827 1128 2894 sationibus
1151 2827 1249 2892 etiam

281 2995 439 3076 efficitur,
460 2980 500 3058 ut
526 2993 613 3078 agri,
649 2993 709 3083 qui
738 3005 830 3060 antes
855 2961 916 3056 nec
937 2990 978 3056 ad
1003 2989 1109 3074 fruges
1145 2989 1249 3060 seren-

280 3161 336 3230 das
372 3158 496 3242 idonei,
541 3180 601 3224 noc
639 3122 811 3248 tamquam⁴
844 3171 938 3248 prata
975 3151 1114 3240 alicujus,
1149 3153 1250 3246 pretii

279 3341 391 3407 erant,
421 3319 594 3398 arborsstus¹
623 3319 758 3404 consiti,
790 3343 866 3390 mox
889 3336 965 3410 post
985 3317 1109 3410 aliquot
1130 3342 1249 3404 annos,

279 3481 340 3554 illis
373 3484 523 3568 remotis,
555 3479 677 3548 fertiles
713 3446 805 3550 liant.
865 3481 919 3552 Sic
953 3507 985 3551 v.
1014 3506 1042 3553 o·
1078 3479 1148 3551 loca
1183 3505 1249 3548 arc·

166 3703 168 3710 ,
273 3671 371 3733 noso,
411 3671 493 3738 quae
528 3664 620 3714 antea
645 3668 713 3714 non
742 3645 816 3712 satis
851 3645 944 3716 firma
970 3661 1004 3712 ct
1031 3644 1128 3714 nimis
1157 3645 1245 3716 sicca

274 3828 387 3896 erant,
422 3828 521 3901 atquc
563 3825 739 3902 propterea
780 3809 927 3898 exiguom
962 3807 1060 3876 modo
1105 3826 1240 3879 messem

269 3976 485 4068 praebebunt,
517 3971 728 4045 foecundiora
763 3971 860 4060 fient,
891 3961 1159 4063 quamprimum
1187 3969 1240 4040 ali·
