2890 4978
738 366 781 432 72

284 633 322 680 ut
353 637 393 678 eo
429 609 561 676 uberior
595 575 764 673 fruetuum
790 605 833 670 sit
858 621 1048 694 proventus.
1093 607 1146 676 Sic
1166 610 1245 676 item

280 764 506 855 decerpuntur
538 757 635 824 flores
670 753 771 821 solani
798 753 962 838 tunensi,
986 770 1024 820 ut
1047 754 1164 822 tubera
1184 779 1246 821 ma-

276 915 351 1001 jora
376 911 467 976 liant.
512 903 590 972 Ideo
621 905 702 970 item
726 901 832 969 solent
857 898 1009 968 nonnulli
1042 899 1169 970 radices
1200 928 1249 970 arh

283 1063 401 1128 borum
428 1053 521 1123 valde
556 1070 730 1136 truncare,
769 1046 861 1142 quod
894 1049 1077 1141 opinantur,
1099 1048 1186 1135 fore,
1207 1069 1249 1118 ut

284 1225 456 1301 propterea
482 1202 584 1288 major
608 1198 762 1268 loliorum
785 1197 880 1289 eopia
899 1198 965 1266 sits
989 1215 1022 1267 at
1045 1221 1115 1266 non
1135 1221 1247 1266 seeum

281 1369 454 1446 reputant,
485 1347 609 1416 radices
640 1345 803 1440 sequelam
824 1369 892 1414 esse
916 1346 1049 1434 originis
1075 1345 1246 1432 soliorum,
1285 1323 1286 1326 Ἴ

284 1519 317 1568 et
343 1525 414 1567 eam
436 1499 479 1566 ob
502 1519 630 1564 causam
650 1491 871 1587 amputatione
892 1493 1041 1563 radicum
1066 1519 1249 1588 numquam

281 1649 436 1718 loliorum
462 1635 707 1714 multitudinem
729 1643 918 1735 promoveri
944 1665 1048 1735 posse.

325 1947 440 2036 ltaque
475 1940 597 2010 radices
636 1937 783 2004 incidere
817 1957 917 2029 atque
952 1937 1145 2005 imminuere
1178 1961 1248 2004 non

279 2090 380 2158 modo
412 2105 586 2181 propterea
615 2077 713 2154 nocet
743 2085 938 2172 arboribus,
970 2083 1061 2178 quod
1092 2084 1152 2152 hae
1177 2109 1248 2152 non

282 2259 346 2308 tam
368 2237 433 2304 cito
454 2232 746 2327 'comprehendunt
767 2252 801 2301 et
826 2251 996 2320 crescunt,
1018 2257 1131 2302 verum
1153 2235 1250 2302 etiam

280 2385 374 2480 quod
410 2385 471 2451 ista
504 2405 565 2474 per
595 2383 854 2474 amputationem
886 2381 1051 2450 radicibus
1075 2381 1161 2450 illata
1182 2381 1250 2450 vul·

282 2557 361 2602 nera
396 2534 431 2598 in
468 2531 656 2598 universum
671 2547 674 2556 ’
689 2529 750 2595 toti
789 2529 899 2596 arbori
937 2531 1107 2622 ipsiusque
1146 2530 1250 2598 inore-

282 2699 395 2749 mento
422 2681 550 2747 obstare
583 2674 698 2744 solent.
743 2677 880 2744 Interim
909 2695 1016 2746 tamen
1045 2680 1156 2766 negari
1179 2703 1249 2750 non

284 2845 417 2921 potest,
449 2823 638 2896 hortulanus
670 2813 923 2917 nonnumquam
955 2826 997 2892 de
1022 2826 1184 2895 industria
1201 2851 1252 2893 ra·

285 2976 371 3044 dices
399 2972 576 3042 vulnerare.
623 2971 690 3038 cur
720 2989 828 3040 autem
855 2972 919 3040 boe
940 2971 1092 3041 faciunt?
1136 2973 1180 3040 Ut
1202 2997 1252 3040 ar·

289 3127 382 3192 bores
408 3119 580 3206 frugiferae
610 3121 801 3211 copiosiores
828 3119 956 3188 fruetus
979 3120 1172 3213 proferant,
1193 3123 1255 3191 etsi

289 3273 393 3365 probe
425 3269 554 3354 sciunt,
579 3292 611 3334 se
631 3269 695 3334 hac
721 3269 845 3335 actione
870 3292 928 3334 sua
948 3269 1014 3362 ipsi
1034 3271 1145 3337 arbori
1166 3271 1254 3358 ejus·

288 3441 355 3510 que
376 3419 579 3484 incremento
602 3435 740 3502 nocere,
776 3417 903 3508 quippe
931 3416 1024 3510 quod
1048 3418 1152 3515 multo
1175 3445 1253 3511 pau-

287 3567 388 3633 ciores
419 3565 508 3631 sueoi
542 3562 641 3632 erudi·
665 3563 707 3628 ad
734 3564 890 3630 arborum
923 3566 1106 3664 superiores
1142 3582 1251 3656 partes

286 3713 476 3798 afferantur,
499 3701 598 3781 'allati
628 3735 704 3782 vero
735 3731 769 3780 et
790 3712 954 3798 ¹elaborati
983 3714 1020 3778 in
1046 3711 1162 3778 iisdem
1183 3712 1246 3780 illis

286 3863 432 3958 partibus
459 3859 582 3930 diutius
608 3863 769 3929 haereant.
816 3862 888 3947 Qui
912 3862 1162 3930 commoratione
1182 3860 1252 3932 lon-

287 4017 374 4102 giore
412 4012 539 4082 evenire
577 4011 678 4095 solet,
712 4028 749 4078 ut
784 4011 880 4080 arbor
916 4011 1080 4079 uberiores
1113 4011 1249 4103 quidem
