2890 4978
277 613 357 682 pore
384 587 466 656 veris
486 587 667 653 institutam
690 586 915 668 evitabuntur,
939 607 1044 674 quum
1065 583 1149 650 eirca
1165 585 1240 648 sub-

275 755 469 832 sequentem
501 729 648 827 hyemem
683 733 804 802 radices
834 734 978 820 egerint,
1008 752 1040 826 ee
1070 735 1117 802 sie
1144 735 1240 821 megia

277 879 406 974 'frigoris
427 904 461 953 et
482 887 568 954 venti
589 886 680 951 noxis
702 885 848 951 resistere
868 900 998 975 queant.

271 1213 272 1216 ¹
329 1186 374 1250 6⁰.
397 1182 559 1248 Praeterea
587 1180 684 1246 etiam
709 1181 770 1245 ista
800 1177 957 1274 plantatio
986 1174 1177 1242 anlnmnatis
1205 1176 1243 1240 in

276 1321 360 1398 ¹loeis
391 1325 534 1394 humidis
569 1329 700 1394 minime
728 1319 929 1395 instituenda
944 1321 1016 1406 est,
1045 1324 1136 1418 quod
1159 1319 1246 1393 terra

283 1479 369 1543 eirca
401 1476 551 1542 arborem
577 1499 637 1567 per
666 1475 755 1542 illam
778 1475 905 1544 mollior
928 1475 1011 1543 facta
1032 1492 1097 1561 est,
1120 1491 1154 1541 et
1176 1497 1247 1540 eam

275 1625 327 1726 'ob
353 1646 480 1690 eausam
509 1647 593 1716 aqua
616 1625 650 1689 in
675 1623 762 1690 illam
786 1643 975 1718 penetrare,
1004 1642 1036 1690 et
1058 1625 1105 1690 ibi
1127 1623 1248 1689 morari

283 1768 373 1838 solet.
419 1770 490 1856 Quo
514 1773 642 1839 evenire
670 1772 832 1858 videmus,
849 1761 901 1839 'ut
924 1769 1048 1838 radices
1072 1770 1249 1864 putredine

284 1919 453 1984 intereant.
495 1919 551 1986 Sin
573 1913 671 2002 igitur
689 1920 725 1984 in
744 1920 794 1983 his
817 1917 895 1986 locis
913 1917 1056 1984 humidis
1076 1917 1162 1986 eirea
1180 1941 1247 1986 ver-

282 2087 363 2132 num
389 2083 519 2156 tempus
545 2067 674 2134 arbores
695 2066 896 2159 plantamus,
919 2067 983 2136 hoc
1005 2067 1250 2136 incommodum

284 2237 351 2280 non
369 2211 466 2280 modo
487 2214 625 2282 evitatur
636 2205 649 2300 ,¹
669 2213 726 2281 sed
749 2235 833 2283 terra
850 2217 946 2283 etiam
956 2209 1065 2308 petest
1083 2217 1118 2283 in
1131 2217 1250 2284 serebi-

283 2363 343 2426 hus
365 2339 521 2428 adtunrno
543 2360 635 2428 saetis
657 2385 719 2453 per
741 2363 892 2453 hyemem
913 2365 1100 2433 siecn'fieri.

331 2655 375 2722 7⁰.
398 2652 539 2722 Tandem
557 2657 584 2720 si
608 2655 702 2722 taleas
725 2679 891 2724 conserere
914 2658 1082 2746 volumus,
1100 2659 1136 2726 id
1152 2653 1253 2752 inpri-

283 2802 342 2866 mis
374 2823 474 2868 verno
504 2797 651 2894 tempore
681 2803 753 2870 fieri
787 2804 893 2875 debet.
948 2807 1029 2876 Nam
1063 2809 1123 2876 hae
1154 2809 1250 2876 taleae

282 2949 404 3018 debent
427 2973 560 3038 succos,
582 2953 623 3018 ad
647 2941 845 3040 gemmarum
864 2955 1083 3025 evolutionem
1098 2947 1249 3026 neeessa-

282 3104 363 3186 rios,
378 3105 474 3170 unice
486 3103 730 3194 propemodum
740 3105 870 3172 haurire
883 3131 943 3198 per
953 3108 1250 3199 partesinseriores,

278 3255 345 3320 ἰὼί
360 3271 528 3321 contextus
542 3240 725 3321 denndatus
744 3242 803 3322 est.
826 3256 860 3324 Si
873 3257 972 3343 igitur
986 3255 1084 3324 taleae
1096 3275 1253 3324 autumno

253 3408 256 3416 ’
284 3421 521 3488 conseruntur,
553 3391 739 3494 'pericnlnm
758 3409 832 3489 est,
864 3427 906 3471 ne
933 3424 1076 3472 extrema
1096 3404 1157 3473 tela
1183 3406 1250 3472 vim

285 3556 377 3617 snern'
415 3549 597 3618 imbibendi
631 3537 781 3617 hurnores
816 3540 967 3639 amittat,
1005 3573 1037 3622 et
1080 3542 1252 3646 prop'terea

285 3703 372 3793 ipsae
397 3698 493 3766 taleae
522 3719 667 3793 tempore
698 3724 798 3768 verno
812 3691 1019 3770 'necessarios
1043 3723 1155 3769 suecos
1179 3721 1249 3766 non

289 3848 520 3940 adipiscantur.
556 3849 649 3934 Quod
669 3851 727 3917 ubi
744 3848 853 3916 locum
871 3851 988 3936 habet,
1013 3850 1090 3916 talea
1108 3847 1253 3941 plantata

285 3997 415 4067 defectu
440 4021 612 4066 suecorum
639 4017 784 4091 tempore
814 4001 915 4064 veino
948 4000 1032 4066 inter
1061 3987 1187 4084 lignnm
1213 4012 1249 4063 'et

1178 4095 1194 4131 Ι
