2886 4992
745 369 795 446 36'

292 645 399 688 sarum
426 619 549 687 radices
576 620 671 686 nimis
702 618 770 684 diu'
785 636 875 686 extra
901 635 1022 690 terram
1049 639 1231 692 remaneant
1243 635 1261 712 ς’

292 771 321 836 si
344 768 481 862 quidem
501 770 536 834 in
560 767 616 836 tali
640 767 838 836 statu'fibrae
852 765 1021 861 radicum,
1047 797 1132 862 quae
1144 797 1257 841 succos

291 921 332 986 ad
357 916 570 988 crescendum
588 917 779 984 necessarios
806 940 823 982 e
847 935 931 984 terra
951 935 1090 1004 sugunt,
1114 945 1260 989 arescere

294 1089 326 1138 et
353 1071 421 1136 vim
446 1091 555 1152 suam,
585 1059 629 1130 in*
643 1066 749 1134 succis
775 1065 970 1132 hauriendis
992 1067 1150 1158 positam,
1174 1068 1265 1134 amit·

290 1239 359 1290 tere
381 1219 495 1285 solent.
541 1215 635 1301 Quod
662 1217 722 1282 uhi
746 1215 859 1284 locum
884 1207 1000 1302 habet,
1031 1218 1128 1284 arbor
1147 1241 1257 1309 neque

289 1366 480 1434 necessarios
505 1365 658 1436 humores
673 1367 1025 1459 etsuccos'pereipiet,
1048 1390 1157 1458 neque
1170 1363 1261 1435 valde
1293 1351 1295 1356 ,

289 1531 504 1602 gemmascet,
535 1531 579 1582 ct·
594 1531 770 1606 propter-ea
802 1478 912 1582 'minus
932 1514 1013 1584 laete
1035 1515 1095 1585 suo
1117 1529 1263 1608 tempore

293 1663 499 1750 frondescet,
533 1682 566 1732 et
592 1665 773 1756 pauciores*
788 1663 911 1731 radices
935 1683 1025 1750 aget3
1051 1688 1136 1756 quae
1156 1665 1266 1734 omnia

206 1803 207 1806 ¹
291 1814 417 1884 arboris
435 1813 636 1882 incremento
657 1836 756 1904 quam
778 1809 959 1902 plurimum
980 1813 1111 1880 obsunt.

333 2106 432 2176 Nono
458 2109 545 2194 loce,
578 2105 647 2174 huc
671 2106 807 2198 insuper
836 2104 983 2191 accedit,
1015 2104 1107 2197 quod
1132 2063 1263 2198 pplantae
1300 2185 1305 2196 ¹

287 2283 327 2326 ex
346 2256 484 2324 alierum
507 2257 684 2324 seminariis
706 2273 829 2324 sumtae
853 2257 996 2349 maj0res
1012 2277 1171 2349 expensae
1196 2257 1262 2324 exi·

289 2423 391 2492 gunt,
421 2405 544 2497 partim
570 2403 648 2495 quia
673 2404 843 2470 arboretor
874 2401 950 2470 illas·
971 2429 1040 2472 non
1068 2407 1142 2473 sine
1164 2403 1259 2474 lucro

291 2553 421 2641 vendit,
443 2571 476 2620 et
488 2553 610 2645 partim
632 2551 719 2642 quia
732 2568 864 2619 vectura
885 2549 1082 2642 plerumque
1098 2571 1265 2621 sumtuosa

291 2721 349 2772 est.
396 2703 505 2794 Atque
539 2702 612 2770 ideo
653 2703 749 2769 etiam
785 2723 897 2768 omnes
940 2699 1145 2768 arbusculae:
1166 2721 1269 2772 emtae

293 2849 480 2942 promiscue
508 2848 653 2940 plantari
676 2847 801 2936 solent,
836 2867 875 2918 ut
901 2838 961 2936 ne,
990 2827 1117 2918 acerba
1134 2848 1264 2942 delectu

296 2999 409 3068 habito
443 3015 476 3066 et
508 2998 643 3086 rejectis
671 2996 799 3084 malis‚.
819 2997 965 3086 residuae
999 2998 1096 3066 etiem
1128 3000 1266 3068 cariores

293 3153 391 3226 fiant,
432 3148 633 3233 Quinetiam
658 3159 910 3238 nonnumquam
932 3143 984 3216 vel
1005 3149 1048 3214 ob
1065 3149 1264 3241 paucitatem

239 3291 242 3297 ’
300 3303 453 3367 arborum
476 3299 511 3363 in
532 3299 708 3364 seminariis
728 3255 974 3385 arboretorum,
997 3299 1048 3368 vel
1062 3297 1154 3392 quod
1170 3299 1265 3368 nimis

295 3446 414 3514 multae
443 3447 539 3515 simul
572 3449 613 3513 ab
651 3447 701 3515 his
736 3447 975 3538 requiruntur,
1013 3450 1129 3535 majori
1152 3451 1262 3540 ‘pretio

293 3607 359 3670 emi
392 3603 539 3708 debente·

339 3903 464 3970 Ultimo
504 3903 588 3979 loco,
606 3931 607 3934 ¹
624 3899 722 3968 etiam
753 3897 910 3966 nonnulla
944 3885 1083 3965 dicenda
1110 3915 1188 3966 sunt
1218 3898 1262 3966 de

290 4053 476 4123 discrimine
501 4049 765 4132 commodorum,
791 4055 938 4140 quae'ex
962 4049 1100 4140 proprio
1127 4051 1259 4118 semina·
