2890 4978
741 379 800 444 100

281 623 344 690 hoc
357 621 430 688 loco
443 638 587 712 ponant,
602 636 635 687 et
647 619 726 686 dein
741 607 913 710 caespitem
926 637 1100 710 reponant,
1114 636 1146 684 et
1158 617 1242 708 pede

281 770 331 837 vel
356 769 434 862 pali
461 769 695 861 comprimant,
726 791 789 835 nec
806 765 848 834 de
867 785 952 833 terra
973 765 1170 853 subigenda,
1192 785 1247 832 aut

279 918 444 987 radicibus
475 922 559 987 bene
592 919 825 1020 componendis
858 917 1012 1006 cogit'ent.
1066 917 1168 1004 Cujus
1196 941 1249 984 ne·

280 1068 448 1156 gligentiac
471 1067 666 1135 detrimenta
686 1067 882 1160 plerumque
897 1071 968 1154 jam
987 1066 1075 1136 haud
1088 1070 1133 1135 ita
1145 1067 1249 1135 multo
1272 1125 1274 1129 .

281 1235 358 1308 post
378 1215 547 1282 manifesta
568 1215 665 1283 fiunt.
732 1301 744 1326 ·

331 1364 490 1431 Nonnulli
520 1366 613 1433 nobis
646 1364 800 1451 suadent,
834 1363 913 1454 utile
949 1389 1037 1449 esse,
1063 1384 1101 1434 ut
1126 1363 1248 1432 radices

286 1515 542 1610 plantandarum
578 1517 733 1582 arborum
769 1518 806 1580 in
843 1516 959 1582 scrobe
997 1517 1084 1607 aquia
1119 1514 1254 1607 perfun-

205 1739 208 1746 ,
281 1665 420 1750 dantur,
439 1683 472 1732 et
494 1662 614 1732 deinde
633 1664 835 1732 humefactae
856 1663 979 1731 radices
994 1663 1140 1732 molliore
1161 1665 1250 1731 terra
1296 1737 1303 1744 ‚

251 1785 252 1788 Ἴ
284 1815 508 1901 obtegantur„
526 1833 625 1908 atque
652 1833 690 1881 ut
715 1814 796 1880 haec
819 1835 920 1906 aquae
941 1811 1061 1878 inimic
1080 1821 1250 1902 terraeque
1300 1875 1302 1878 .

283 1962 441 2030 obductio
455 1981 520 2028 tam
541 1961 600 2027 diu
616 1979 800 2052 repetatur,
822 1943 927 2028 donec
946 1979 1033 2028 terra
1051 1985 1153 2051 aquae
1166 1960 1252 2029 inlu·

282 2112 370 2176 sione
394 2109 598 2190 tenuioribus
620 2107 774 2175 radiculis
799 2106 988 2176 adhaeserit.
1033 2108 1119 2175 llaec
1136 2107 1253 2195 agendi

283 2260 367 2337 ratio
391 2258 542 2348 inprimis
565 2259 785 2326 commendari
809 2257 909 2326 debet
927 2259 962 2324 in
983 2260 1077 2326 terris
1094 2261 1251 2345 arenosis,

284 2405 399 2473 sedin
422 2403 566 2470 humidis
589 2422 623 2474 et
646 2403 802 2494 argillosis
829 2405 883 2472 illa
906 2407 1016 2474 arbori
1036 2406 1112 2498 plus
1129 2408 1253 2494 oberit,

286 2577 387 2646 qnam
414 2549 580 2644 proderit,
613 2555 767 2646 quoniam
797 2555 832 2620 in
863 2554 913 2620 his
949 2572 1053 2622 terrae
1082 2556 1255 2640 generibus

289 2705 524 2796 posterioribus
557 2707 662 2770 omnis
693 2729 770 2771 cura
796 2703 982 2771 adhibenda
1012 2722 1078 2791 est,
1106 2671 1155 2772 'ut
1186 2705 1255 2770 aeri

287 2849 393 2919 aditus
415 2850 456 2916 ad
479 2850 624 2920 radicem
649 2871 796 2962 aperbuso
804 2855 862 2938 sit,
891 2871 924 2921 et
946 2851 999 2919 ille
1019 2851 1124 2920 aditus
1152 2876 1255 2945 aquae

287 3024 350 3065 usu
378 2965 454 3065 beri·
479 2999 685 3070 occluditur:
719 3001 811 3094 qnod
839 3002 970 3067 nonnisi
1002 3003 1114 3068 noceri
1145 3002 1258 3069 arbori

290 3169 408 3244 potest.
455 3151 563 3242 Atque
589 3150 716 3220 idcirco
740 3153 870 3218 arbores
899 3152 995 3220 etiam
1021 3105 1165 3244 plarltari
1189 3175 1257 3218 non

292 3301 434 3387 debent,
469 3303 496 3368 si
531 3319 615 3368 terra
644 3302 739 3368 nimis
769 3301 924 3388 humida,
958 3320 1013 3369 aut
1035 3304 1063 3368 si
1086 3319 1257 3394 tempestas

293 3451 442 3547 pluviosa
463 3471 529 3540 est,
555 3454 708 3547 qrroniarn
730 3430 820 3521 tund
831 3452 954 3522 radices
968 3455 1057 3548 aqui
1071 3452 1258 3521 abundante

292 3605 401 3694 perire
421 3622 477 3672 aut
497 3623 686 3696 putrescere
706 3600 820 3674 solent,

338 3902 378 3968 ln
414 3901 604 3969 universum
634 3919 772 3970 statuere
803 3923 994 3992 possumus,
1029 3901 1158 3965 arbores
1193 3923 1262 3968 non

237 4129 240 4136 ¹
298 4053 359 4120 alte
390 4050 537 4142 plantare
566 4051 646 4117 utile
676 4075 760 4132 esse,
793 4049 884 4139 quod
907 4048 962 4116 tali
987 4047 1084 4116 modo
1108 4075 1175 4123 non
1197 4069 1265 4120 tan·
