2890 4978
666 333 773 419 η’

189 598 296 668 oculos
329 613 521 680 occurrant,
553 615 621 660 non
655 591 864 690 adipiscetur
889 618 985 664 novas
1016 598 1149 668 radices.

192 749 403 816 Dousffltos
416 771 452 830 vv.
480 769 508 812 c.
536 767 552 810 e
575 761 659 811 terra
681 746 819 812 extraxit
842 744 1024 834 complures
1045 749 1153 814 arbus-

195 893 298 982 culas,
322 917 404 986 quae
425 891 522 960 modo
536 891 660 984 aliquot
677 895 807 979 exiguos
825 892 972 960 surculos
996 893 1157 992 produxe·

191 1061 282 1129 rant,
314 1062 413 1134 atquo
430 1040 550 1116 radices
570 1040 699 1110 illarum
717 1031 963 1111 arbuscularum
985 1040 1093 1110 adhuc
1119 1045 1154 1112 in

138 1241 144 1246 -
190 1190 304 1260 eodem
336 1210 422 1262 statu
444 1192 708 1284 reperiebantur,
742 1216 842 1283 quam
864 1194 900 1258 in
924 1216 991 1284 quo
1009 1171 1156 1286 tempore

99 1367 103 1376 “
192 1339 397 1434 plantationis
425 1340 554 1406 fuerant
585 1340 645 1430 (l).
691 1339 757 1416 Nec
773 1342 902 1411 mirum·
934 1341 1012 1408 Nam
1031 1341 1154 1416 radices

194 1507 276 1556 tunc
307 1488 439 1555 demum
468 1511 611 1556 crescere
638 1506 670 1556 et
697 1490 807 1574 augeri
825 1491 1000 1581 incipient,
1024 1491 1157 1582 quando
1232 1521 1235 1528 ¹

193 1639 290 1703 arbor
315 1635 397 1720 folia
416 1661 473 1704 sua
503 1635 664 1734 applicare
692 1639 817 1728 coepit,
850 1658 889 1727 et*
909 1639 1008 1708 fibrae
1029 1641 1113 1708 ¹inde
1141 1669 1159 1710 a

197 1785 280 1852 foliis
297 1787 392 1872 juxta
412 1809 516 1850 ramos
540 1803 573 1852 et
596 1803 754 1864 truncum
773 1785 1006 1856 descendentes
1028 1815 1160 1857 cursum

198 1937 347 2002 suumin
376 1935 524 2002 extremis
548 1933 697 2002 radicum
719 1937 869 2026 pardhus
891 1937 1022 2006 liniunt.
1069 1937 1162 2022 Quod

194 2087 222 2154 si
246 2087 345 2172 igitur
365 2083 488 2152 radices
508 2085 727 2175 amputatione
748 2087 910 2155 breviores
930 2085 1032 2170 fiunt,
1057 2109 1163 2156 neees-

196 2233 278 2299 sario
293 2231 347 2298 illa
363 2255 497 2316 organa,
519 2253 604 2320 quae
621 2231 728 2298 arbori
748 2233 987 2300 nutrimentum
1003 2233 1158 2319 afferunt,

138 2391 145 2396 '
197 2383 277 2448 item
295 2381 549 2458 imminuentur,
569 2397 602 2446 et
615 2402 675 2470 per
688 2380 783 2454 istam
791 2381 1052 2449 imminutionem
1064 2383 1160 2450 etiam

198 2529 307 2612 arbori
339 2529 477 2594 minores
510 2527 661 2594 humores
693 2527 878 2594 efferentur.
934 2527 1019 2594 Hinc
1054 2545 1162 2596 autem

197 2637 421 2770 aequitum-ut
442 2698 598 2742 numerus
621 2671 775 2740 soliorum
792 2698 809 2738 a
827 2670 991 2738 radicibus
1014 2675 1159 2750 nutrito,-

196 2851 273 2896 rum
291 2822 395 2894 multo
410 2824 516 2893 minor
534 2823 593 2905 sit,
615 2838 647 2886 et
669 2819 810 2889 vicissim
825 2817 974 2906 radicum
990 2821 1162 2912 explicatio

201 2994 233 3042 et
258 2973 473 3062 augmentatio
495 2981 696 3040 coerceatur.

246 3121 347 3214 Apud
371 3120 547 3188 nonnullos
570 3120 687 3191 nititur
713 3118 812 3204 hujus
839 3115 1067 3209 amputationis
1096 3116 1163 3206 opi·

202 3288 277 3372 nan
309 3269 478 3338 necessitas
524 3268 588 3336 hcc
629 3264 858 3351 fundamento,
894 3263 984 3357 quod
1021 3280 1159 3355 putant,

200 3417 265 3488 alit
295 3436 389 3510 parte
418 3419 540 3484 arboris
571 3415 621 3484 'vel
644 3415 773 3508 plantae
804 3415 927 3500 secut,
949 3411 1025 3482 alus*
1047 3411 1158 3487 laetius

202 3570 320 3655 vigere.
357 3568 412 3638 Sic
440 3591 470 3636 v.
492 3593 522 3638 c.
551 3584 762 3658 amputantur
789 3561 909 3651 flagella
932 3563 1160 3652 lragariarum,

234 3957 273 4025 (1)
293 3956 341 4009 Du
370 3967 478 4007 usust
506 3967 546 4006 ntt
576 3909 738 4016 nodone,
766 3951 794 4000 la
825 3950 957 4019 qusiquc
990 3951 1032 4001 des
1071 3949 1169 3999 orlrcs.

267 4086 271 4095 ,
295 4047 370 4098 Paris
386 4046 469 4112 tote,
489 4043 573 4097 Tome
593 4040 622 4096 ll
634 4079 642 4109 ‚
669 4060 733 4111 page
753 4039 811 4092 101.
