2890 4978
748 343 823 422 74'

324 597 398 666 lluc
420 600 555 690 insuper
578 597 740 668 accedunt
764 597 824 666 ulia
841 599 930 666 mala.
963 587 1078 694 'Saepe
1101 601 1243 671 ridemus

282 764 422 816 vetustos
451 766 584 815 truncos
605 749 843 828 communicare
861 773 936 816 cum
956 750 1051 816 ramis
1071 753 1138 818 suis
1157 753 1248 820 initia

255 883 408 966 'suturae
443 896 669 968 dissolutionis.
724 898 810 966 ilino
844 923 875 968 v.
910 925 941 966 c.
971 899 1079 985 magui
1110 901 1250 970 interest

282 1050 319 1114 in
336 1047 485 1116 salicibus
506 1073 574 1115 non
596 1047 811 1135 detruncatis,
834 1067 948 1116 utrum
964 1048 1062 1118 taleae
1079 1049 1250 1118 desuman-

282 1215 337 1265 tur
360 1222 398 1264 ex
421 1197 592 1264 arboribus
614 1201 713 1264 exesis
737 1195 936 1291 putredine,
964 1225 1005 1267 an
1025 1203 1247 1286 remonuit,

285 1370 388 1437 aprum
414 1347 533 1437 prioris
555 1348 679 1434 generis
702 1346 799 1414 taleae
818 1348 1013 1442 plerumque
1035 1352 1165 1438 vestigia
1184 1375 1253 1418 cor·

280 1492 424 1586 ruptelae
442 1495 514 1582 jam
536 1497 572 1560 in
589 1494 697 1576 medio
713 1519 824 1564 secum
840 1496 956 1564 ferant.
1001 1497 1124 1566 Eadem
1144 1517 1250 1566 autem

282 1643 362 1712 haee
398 1642 600 1736 corruptela,
635 1667 718 1736 quae
752 1645 877 1712 truncis
905 1662 938 1712 et
970 1646 1066 1711 ramis
1101 1645 1250 1712 accidere

283 1792 380 1880 solet,
403 1793 508 1862 multo
530 1794 742 1886 perniciosior
766 1809 813 1860 est
839 1793 875 1858 in
901 1788 1085 1876 radicibus,
1115 1790 1249 1883 quando

279 1942 379 2034 semel
399 1944 534 2010 existere
558 1942 675 2031 coepit.
719 1940 799 2006 Nam
820 1963 937 2026 organa
947 1941 1021 2026 ejus
1045 1937 1249 2008 elementaria

281 2093 437 2180 majorem
471 2091 593 2156 habeut
629 2079 904 2176 magnitudinem,
935 2113 1035 2180 quam
1059 2107 1176 2174 organa
1196 2087 1250 2156 illa

281 2240 410 2325 trunci,
439 2257 472 2305 et
499 2256 664 2329 praeterea
684 2240 793 2304 minus
810 2255 889 2305 sunt
912 2238 1058 2320 nutrita,
1080 2237 1124 2304 ita
1141 2253 1179 2302 ut
1191 2235 1249 2300 mi·

282 2409 343 2454 nus
370 2386 556 2453 contineant
580 2385 725 2476 materias
738 2367 862 2450 alienas.
907 2382 994 2450 Hinc
1003 2405 1176 2450 succorum
1189 2345 1254 2448 mo

284 2554 335 2604 tus
379 2533 510 2602 celerior
546 2551 614 2618 est,
650 2550 683 2600 et
719 2531 913 2623 putrefactio
946 2529 1071 2598 facilius
1098 2553 1165 2598 sese
1190 2554 1251 2620 per

283 2703 383 2761 totum
409 2682 554 2751 radicem
582 2681 743 2750 extendet.
796 2683 883 2750 Hace
915 2700 1022 2750 autem
1056 2681 1288 2773 putrefactio·

284 2832 434 2902 radicum
454 2833 661 2920 vulgarisres
678 2853 743 2920 cat,
767 2853 798 2903 et
810 2833 934 2902 multae·
947 2837 1076 2902 arbores
1090 2852 1248 2926 pereunt,

283 2981 407 3050 etiamsi
437 2979 635 3066 extrlnaccus
667 3007 760 3050 sanae
797 2982 983 3069 videantur,
1010 2981 1078 3050 sold
1101 2980 1251 3050 radicum

287 3131 413 3223 inopil.
460 3129 570 3216 Negari
594 3131 730 3222 quidem
749 3156 817 3200 non
834 3147 959 3224 potest,
981 3131 1082 3200 varias
1094 3155 1201 3200 causas
1211 3127 1252 3196 ad

268 3281 378 3366 ⁸hano
397 3277 668 3374 putrefactionem
686 3281 789 3350 multa
802 3281 966 3368 conferre,
988 3279 1045 3347 sed
1058 3281 1149 3348 initia
1155 3281 1253 3368 hujus

287 3429 363 3496 mali
375 3455 470 3524 saepe
484 3433 650 3518 oriuntur,
663 3429 753 3522 quod
763 3432 909 3518 arbores,
930 3455 999 3522 quo
1009 3448 1154 3523 tempore
1162 3428 1251 3520 plan·

292 3584 461 3668 tabantur,
486 3582 578 3676 quod
604 3579 646 3649 ad
668 3578 793 3648 iudices
817 3605 907 3668 suas,
930 3605 998 3648 non
1020 3583 1094 3650 satit
1116 3576 1250 3646 sollicite

289 3748 439 3800 motatae
459 3752 546 3801 sunt·
