2886 4992
736 350 778 416 42

262 587 452 654 eorumdem
474 586 590 674 majori
610 605 685 654 cum
712 586 743 652 vi
763 585 992 676 progreditur,
1018 588 1111 679 quod
1131 593 1231 658 motui

265 759 441 804 succorum
466 734 623 828 prodest,
645 731 832 825 siquidem
858 731 981 802 radices
1009 734 1051 801 aii
1078 740 1233 828 praebea-

263 887 323 955 dos
345 909 444 956 novos
465 907 581 952 succos
601 881 829 969 stimulantur,
853 881 935 950 dum
947 903 1111 975 praeterea
1123 892 1236 974 succi,

266 1039 326 1132 qui
343 1055 436 1106 antea
455 1035 491 1102 in
511 1053 615 1100 ramos
636 1031 784 1102 laterales
797 1030 1036 1126 penet'rabant,
1057 1037 1238 1130 nunc,'bo·

263 1209 340 1254 sum
360 1184 516 1270 interitu,
537 1179 651 1250 saltem
673 1183 710 1248 in
733 1182 829 1250 initio
852 1181 1050 1252 adscendere
1072 1204 1235 1278 pergunt,

265 1359 365 1430 seque
384 1333 425 1401 ad
447 1334 603 1400 orborum
627 1333 826 1402 summitates
851 1351 1055 1402 convertunt.

308 1485 378 1554 Sub
403 1483 566 1572 ejusmodi
593 1483 776 1553 faventibus
809 1485 914 1552 causis
949 1485 1083 1554 minime
1121 1487 1228 1554 miron

266 1633 347 1702 drun
368 1651 438 1719 est,
463 1656 524 1702 cur·
541 1630 732 1701 'arbusculae
762 1632 827 1700 cito
850 1631 1055 1720 longitudine
1077 1632 1236 1702 excellant
1290 1629 1295 1640 ’

265 1801 298 1852 et
319 1781 497 1878 pulchram
520 1781 663 1876 speciem
687 1799 852 1850 externam
873 1779 1108 1874 adipiscantur.
1153 1781 1237 1852 Inte-

265 1936 331 2000 rim
356 1951 464 2003 tamen
498 1933 558 1997 hae
594 1929 766 1996 altitudine
787 1931 884 1998 nimis
912 1931 1108 2022 conspicuae
1131 1933 1241 2000 arbus-

268 2078 376 2164 culae,
405 2095 558 2145 successu
585 2073 761 2168 temporis,
792 2078 894 2146 variar
915 2080 959 2146 ob
987 2102 1096 2146 musas
1117 2077 1237 2148 leutius

266 2245 425 2300 crasans
469 2227 618 2294 renum
631 2197 723 2294 sirm
740 2225 817 2296 sou
832 2228 870 2295 sn
887 2229 1011 2296 usae
1030 2229 1126 2298 comt
1142 2228 1237 2296 nmis

265 2374 414 2446 aradicc
441 2392 565 2444 remota
587 2366 699 2442 aaut(
723 2375 810 2459 Quae
838 2374 991 2446 &untia
1017 2396 1146 2447 motum
1170 2403 1242 2450 suc·

266 2545 382 2596 sorum
402 2526 500 2592 nimis
521 2522 672 2618 impedit.
717 2522 845 2592 Deinde
860 2522 1003 2614 genimae
1018 2527 1122 2594 rarius
1139 2526 1241 2620 expli·

268 2693 395 2745 cantur.
449 2673 536 2743 Hinc
561 2673 659 2740 etiam
689 2671 919 2767 multiplicatio
949 2674 1102 2744 radicum
1134 2634 1265 2746 minor·

269 2827 352 2911 erit,
384 2825 429 2892 ita
458 2841 498 2892 ut
527 2841 704 2916 propterea
731 2847 868 2919 qnoque
893 2826 995 2914 magis
1015 2827 1124 2916 exigui
1149 2829 1241 2896 succi

232 3039 235 3056 ,
267 2974 438 3044 arboribus
455 2969 643 3040 afferantur.
688 2973 776 3058 Quae
794 2973 902 3042 omnia
916 2976 1122 3062 conjunctim
1134 2992 1241 3044 sumta
1308 3001 1310 3010 ’

186 3146 189 3156 ·
269 3125 435 3210 efficiunt,
458 3103 504 3190 ¹ut
529 3122 659 3189 arbores
695 3122 875 3192 necessario
900 3120 993 3190 tarde
1019 3142 1189 3211 crescant,
1211 3143 1245 3192 et

268 3275 350 3342 buic
375 3270 460 3342 malo
484 3266 714 3340 tantummodo
732 3289 845 3364 postea
866 3293 991 3340 summa
1014 3272 1162 3344 fertilitas
1184 3293 1244 3344 ter·

271 3447 347 3508 rae,
381 3425 418 3490 in
456 3437 557 3516 quani
594 3423 725 3490 arbores
758 3420 1018 3508 oausscrantur,
1051 3444 1242 3492 succurrere

166 3583 168 3587 ’
272 3591 381 3668 queat.

314 3726 479 3792 Praeterea
499 3722 689 3794 arbusculae
706 3721 804 3788 nimis
823 3741 995 3815 procerae,
1018 3719 1088 3788 aliis
1105 3721 1143 3789 in
1159 3720 1238 3790 locis

271 3876 464 3969 dispositae,
506 3876 603 3962 magis
639 3871 823 3964 tempestati
859 3889 892 3940 et
927 3867 1057 3940 nivibus
1083 3869 1240 3938 obnoxiae

271 4046 387 4115 erunt,
417 4045 552 4118 eamque
579 4027 634 4094 ob·
653 4043 780 4096 musam
801 4021 927 4120 facilius
948 4038 1071 4094 rectam
1098 4019 1238 4114 positio·
