2886 4992
238 379 256 410 a
719 339 758 404 12

244 591 321 666 post
352 587 506 664 quartum
538 591 669 636 annum.
722 557 839 659 Populi
870 584 983 634 contra
1010 592 1046 636 ea
1076 569 1206 660 quibus·

249 721 325 788 dam
349 721 385 788 in
410 719 592 806 regionibus
624 717 746 812 patriae
775 734 904 784 nostrae
937 717 1030 810 prius
1064 719 1100 785 in
1123 720 1212 788 semi·

249 871 345 938 nariis
369 867 521 953 aluntur,
544 883 576 933 et
602 862 719 932 deinde
739 887 779 930 ex
798 861 861 930 illis
884 864 920 932 in
944 862 1005 930 alia
1025 863 1097 934 loca
1111 883 1213 934 unns·

169 999 173 1005 ⁵
247 1020 409 1087 feruntur.
455 1013 549 1084 Multi
578 1032 687 1082 tamen
716 1013 861 1081 homines
897 1013 1210 1096 animadverterunt,

248 1165 415 1262 populos,
458 1189 533 1232 cum
573 1163 738 1232 radicibus
777 1162 955 1257 plantatas,
990 1167 1096 1234 minus
1129 1168 1212 1234 bene

250 1337 407 1398 crescere,
431 1336 530 1405 quam
549 1309 616 1380 illas
640 1337 657 1380 e
678 1312 765 1382 taleis
791 1311 979 1405 productas.
1025 1313 1095 1398 Quo
1115 1312 1210 1380 etiam

249 1449 319 1534 fieri
344 1461 441 1548 solet,
467 1480 505 1532 ut
527 1460 676 1530 nonnulli
694 1463 840 1550 juniores
859 1460 1017 1555 populos,
1042 1486 1110 1553 quo
1133 1479 1211 1530 tem-

164 1687 169 1698 ,
247 1638 329 1707 porc
358 1612 491 1680 idoneae
523 1631 601 1680 sunt
627 1609 668 1680 ad
700 1608 1009 1702 transportandum,
1039 1633 1107 1677 non
1137 1637 1213 1678 cum

246 1764 410 1834 radicibus
441 1761 613 1848 effodiant,
647 1758 705 1826 sed
741 1783 841 1851 supra
869 1775 988 1826 terram
1022 1756 1120 1828 modo
1150 1783 1212 1826 am-

247 1931 386 2006 putent,
414 1930 448 1980 et
474 1914 546 1978 istas
575 1926 752 1998 amputatas
783 1905 967 1974 arbusculas
996 1925 1114 1976 serant.
1157 1907 1215 1974 lte-

246 2059 334 2128 sidui
367 2058 477 2126 trunci
513 2057 674 2148 praebent
691 2073 785 2124 tunc
815 2081 914 2126 novos
949 2056 1115 2144 surculos,
1153 2058 1213 2150 qui

249 2209 391 2277 triennio
415 2223 491 2298 post
517 2205 713 2300 plerumque
735 2214 848 2274 rursus
874 2207 964 2277 caedi
984 2227 1133 2302 possunt.

291 2357 326 2426 Si
352 2357 476 2438 utimur
507 2353 594 2424 taleis
623 2357 884 2443 robustioribus,
921 2383 959 2454 eo
995 2361 1143 2448 consilio,
1174 2381 1213 2430 ut

249 2502 326 2572 inde
353 2506 484 2572 arbores
506 2501 653 2572 celsiores
676 2502 775 2590 fiant,
798 2505 957 2596 imprimis
983 2529 1095 2572 curare
1118 2503 1213 2573 debe-

250 2686 342 2748 mus,
369 2677 408 2727 ut
437 2683 479 2727 ne
510 2657 580 2726 illae
614 2657 707 2727 larvis
738 2657 940 2754 insectorum
963 2658 1102 2726 infectae
1127 2659 1213 2742 sint,

253 2810 329 2901 quia
351 2806 477 2893 lignum
499 2806 621 2874 arboris
643 2806 736 2874 facile
754 2805 817 2874 illis
831 2807 867 2872 in
880 2803 958 2874 locis
974 2806 1212 2898 corrumpitur,

251 2957 311 3024 ubi
334 2957 412 3024 istac
438 2952 542 3021 larvae
570 2950 739 3039 degerunt.
783 2952 951 3040 Ejusmodi
972 2953 1102 3019 arbores
1129 2953 1216 3020 enim

251 3103 348 3192 vulgo
369 3100 491 3172 tardius
519 3119 690 3186 crescunt,
711 3117 745 3168 et
761 3093 854 3168 citius
876 3116 1082 3179 excaventur.
1127 3101 1217 3168 Prae·

253 3283 339 3332 terea
360 3264 438 3330 item
463 3253 702 3325 observandum
722 3275 787 3342 est,
810 3272 849 3330 ut
875 3253 973 3325 taleae
999 3279 1068 3323 non
1090 3279 1216 3323 suman-

254 3432 309 3482 tur
335 3433 375 3476 ex
409 3408 504 3476 nimis
535 3404 667 3474 vetustis
700 3421 756 3471 aut
791 3403 917 3470 cariosis
955 3405 1102 3489 truncis3
1139 3427 1215 3468 nam

252 3562 373 3629 horum
390 3557 472 3626 rami
492 3553 658 3646 accipiunt
677 3553 712 3616 in
734 3567 826 3643 parte
851 3550 984 3620 centrali
1004 3549 1064 3616 sul
1086 3545 1217 3635 lignum'

255 3709 404 3792 fuscum,
428 3705 522 3792 cujus
548 3725 640 3770 causa
661 3699 766 3791 posita
787 3716 836 3766 est
862 3699 898 3764 in
926 3695 1215 3790 appropinquante

253 3854 460 3926 dissolutione
496 3849 596 3938 ligni,
628 3856 711 3942 quae
748 3871 808 3940 per
838 3843 1071 3914 adscendentes
1097 3866 1210 3913 succos

257 4007 396 4078 affertur.
441 3997 639 4074 Arbusculae
674 4023 714 4068 ex
744 3993 904 4084 ejusmodi
932 3991 1088 4064 morbidis
1125 3991 1213 4062 taleis
