2886 4992
747 403 789 470 26

281 643 469 714 videndum,
488 659 561 731 est,
579 657 626 712 ut·
641 642 816 712 siccissimo
840 639 913 708 loco
941 639 997 707 fiat
1022 640 1245 726 seminarium,

279 805 313 864 et
339 793 596 888 jonqueriis
624 789 830 864 incunabulis
855 791 929 859 aitis
956 788 1072 878 exiguo
1092 807 1272 866 assuaeeet,
1354 841 1358 848 ,

280 943 431 1015 humoris
460 940 552 1012 etita
573 965 651 1010 eum
677 936 875 1008 transtuleris
893 935 935 1006 de
962 935 1099 1006 hunsdo
1124 938 1161 1004 in
1193 939 1253 1012 ari·

276 1091 358 1160 dum
376 1090 504 1176 locum,
525 1087 655 1157 viduata
675 1087 817 1180 pristino
843 1084 995 1158 alimento
1018 1083 1158 1156 deficiet.
1203 1086 1248 1154 Aa

276 1239 304 1306 ai
331 1254 525 1331 campestres
558 1254 593 1304 et
627 1234 799 1324 uliginosos
830 1259 920 1324 agros
948 1236 1145 1330 possidebis,
1173 1260 1247 1328 pro·

278 1388 371 1456 derit.
401 1409 537 1480 quoque
573 1388 782 1454 seminarium
815 1386 913 1456 simili
949 1385 1022 1456 loco
1041 1387 1182 1473 ’[αοετο,
1214 1405 1248 1456 et

276 1537 377 1606 risen
387 1535 476 1626 largo
489 1561 697 1606 consuescere
716 1537 859 1608 humori.
888 1537 1036 1630 Namqn'e
1050 1536 1158 1624 exilis,
1173 1562 1249 1606 cum

278 1686 499 1779 inaquosum
531 1713 642 1776 agrum
671 1671 884 1771 transfertur,
917 1703 1090 1777 utcunque
1127 1705 1253 1778 putres·

231 1827 235 1834 ’
275 1837 363 1908 eit.''
392 1873 435 1892 -
471 1837 568 1924 Quod
593 1853 782 1905 curmusi
806 1833 850 1902 de
876 1819 997 1903 vitibus
1024 1832 1183 1921 (licinii
1207 1834 1249 1902 de

274 1985 440 2052 omnibus.
464 1985 634 2048 arboribus
666 1982 759 2049 vaiet.
823 1982 914 2050 Scire
944 2007 1013 2074 quo
1046 1982 1119 2052 loeo
1141 2007 1251 2052 semen

277 2147 392 2200 natum
408 2129 471 2214 sit,
493 2149 587 2221 saepe
604 2129 712 2216 magni
731 2129 832 2222 pretii
853 2148 921 2217 est,
943 2155 1012 2198 non
1028 2129 1136 2199 solum
1157 2130 1249 2224 qnod

273 2303 319 2348 ex
344 2276 434 2346 malis
468 2277 648 2344 seminibus
674 2275 774 2346 melae
807 2275 937 2371 plantae
964 2281 1179 2372 proveniunt,
1200 2301 1251 2348 va·

273 2449 354 2496 rum
369 2423 584 2518 etium-quod
605 2423 716 2512 loeus,
739 2426 799 2494 uhi
822 2429 919 2494 arbor
943 2403 1060 2496 crescit
1082 2428 1250 2518 vigetque,

272 2601 427 2666 magnam
449 2577 572 2645 simin
598 2574 792 2670 propagines
816 2591 956 2642 exercet.
1001 2573 1071 2642 Hoc
1097 2573 1249 2666 inprimis

278 2727 388 2814 anagni
424 2725 581 2794 momenti
612 2743 660 2794 est
686 2724 722 2790 in
748 2724 938 2810 arboribus,
971 2747 1063 2816 quas.
1083 2721 1250 2808 volumus,

278 2891 317 2942 nt
340 2873 409 2940 aeri
426 2890 626 2959 assuescant,
650 2895 858 2966 quarumque
886 2869 1048 2940 column
1067 2871 1175 2958 augeri
1198 2893 1252 2938 cu·

277 3023 407 3115 pimus3
431 3019 524 3114 quia,
545 3021 581 3088 in
604 3020 658 3090 tali
674 3024 791 3108 causi,
821 3045 861 3088 ex
888 3021 1065 3090 seminibus
1090 3018 1251 3106 indigenis

278 3188 367 3238 ortae
394 3167 524 3263 plantae
552 3171 620 3237 aiiri
661 3189 694 3239 et
718 3143 831 3238 noxiis
862 3169 1106 3259 tempestatibus
1137 3167 1253 3238 fortius

281 3323 430 3391 resistere
451 3335 625 3416 poterunt,
649 3345 749 3414 quarn
771 3318 902 3414 plantae
921 3343 939 3385 e
962 3319 1143 3412 peregrinis
1160 3317 1255 3414 senai-

280 3470 380 3538 nibus
401 3469 597 3563 procreatae.
687 3478 691 3486 “

276 3666 279 3690 -,
327 3619 367 3688 ln
380 3619 496 3710 primis
506 3637 615 3689 autem
632 3597 906 3685 animadversione
915 3612 1058 3700 dignum
1074 3591 1144 3694 est,
1157 3605 1250 3700 quod

274 3785 474 3837 :coanimata
487 3767 666 3862 praecipit,
687 3763 745 3832 sed
757 3787 851 3857 saepe
864 3759 1057 3852 negligitur,
1080 3753 1251 3845 agricolam

258 3974 261 3985 ,
285 3919 321 3984 in
347 3914 504 3987 faciendis
536 3915 711 3988 seminariis
731 3937 800 3982 non
822 3929 950 3982 tantum
968 3908 1010 3978 ad
1034 3906 1251 3977 diversitatum

206 4056 207 4060 ¹
286 4087 407 4158 terreo,
438 4091 551 4142 verm
579 4070 675 4138 etiam
702 4063 798 4134 simul
827 4065 868 4130 ad
895 4063 994 4149 hujus
1023 4059 1166 4128 diversos
1195 4057 1253 4130 siu·
